[{"id":232784430,"price":"2.31700000","qty":"11.70000000","quoteQty":"27.10890000","time":1775304230929,"isBuyerMaker":false,"isBestMatch":true},{"id":232784431,"price":"2.31700000","qty":"79.70000000","quoteQty":"184.66490000","time":1775304231874,"isBuyerMaker":true,"isBestMatch":true},{"id":232784432,"price":"2.31700000","qty":"59.15000000","quoteQty":"137.05055000","time":1775304233857,"isBuyerMaker":true,"isBestMatch":true},{"id":232784433,"price":"2.31700000","qty":"13.65000000","quoteQty":"31.62705000","time":1775304234399,"isBuyerMaker":true,"isBestMatch":true},{"id":232784434,"price":"2.31700000","qty":"3.52000000","quoteQty":"8.15584000","time":1775304236593,"isBuyerMaker":true,"isBestMatch":true},{"id":232784435,"price":"2.31800000","qty":"4.32000000","quoteQty":"10.01376000","time":1775304240200,"isBuyerMaker":false,"isBestMatch":true},{"id":232784436,"price":"2.31800000","qty":"0.22000000","quoteQty":"0.50996000","time":1775304240200,"isBuyerMaker":false,"isBestMatch":true},{"id":232784437,"price":"2.31700000","qty":"3.62000000","quoteQty":"8.38754000","time":1775304246339,"isBuyerMaker":true,"isBestMatch":true},{"id":232784438,"price":"2.31700000","qty":"12.94000000","quoteQty":"29.98198000","time":1775304257645,"isBuyerMaker":true,"isBestMatch":true},{"id":232784439,"price":"2.31800000","qty":"10.49000000","quoteQty":"24.31582000","time":1775304259731,"isBuyerMaker":false,"isBestMatch":true},{"id":232784440,"price":"2.31800000","qty":"101.79000000","quoteQty":"235.94922000","time":1775304270009,"isBuyerMaker":false,"isBestMatch":true},{"id":232784441,"price":"2.31800000","qty":"15.00000000","quoteQty":"34.77000000","time":1775304270009,"isBuyerMaker":false,"isBestMatch":true},{"id":232784442,"price":"2.31800000","qty":"36.99000000","quoteQty":"85.74282000","time":1775304270009,"isBuyerMaker":false,"isBestMatch":true},{"id":232784443,"price":"2.31800000","qty":"181.09000000","quoteQty":"419.76662000","time":1775304270009,"isBuyerMaker":false,"isBestMatch":true},{"id":232784444,"price":"2.31800000","qty":"219.01000000","quoteQty":"507.66518000","time":1775304270009,"isBuyerMaker":false,"isBestMatch":true},{"id":232784445,"price":"2.31900000","qty":"4.32000000","quoteQty":"10.01808000","time":1775304270009,"isBuyerMaker":false,"isBestMatch":true},{"id":232784446,"price":"2.31900000","qty":"112.50000000","quoteQty":"260.88750000","time":1775304270009,"isBuyerMaker":false,"isBestMatch":true},{"id":232784447,"price":"2.31900000","qty":"2.24000000","quoteQty":"5.19456000","time":1775304270009,"isBuyerMaker":false,"isBestMatch":true},{"id":232784448,"price":"2.31900000","qty":"3.27000000","quoteQty":"7.58313000","time":1775304270009,"isBuyerMaker":false,"isBestMatch":true},{"id":232784449,"price":"2.31900000","qty":"3.25000000","quoteQty":"7.53675000","time":1775304270009,"isBuyerMaker":false,"isBestMatch":true},{"id":232784450,"price":"2.31900000","qty":"20.54000000","quoteQty":"47.63226000","time":1775304270009,"isBuyerMaker":false,"isBestMatch":true},{"id":232784451,"price":"2.31800000","qty":"8.65000000","quoteQty":"20.05070000","time":1775304270012,"isBuyerMaker":true,"isBestMatch":true},{"id":232784452,"price":"2.31700000","qty":"9.89000000","quoteQty":"22.91513000","time":1775304270012,"isBuyerMaker":true,"isBestMatch":true},{"id":232784453,"price":"2.31700000","qty":"18.54000000","quoteQty":"42.95718000","time":1775304270012,"isBuyerMaker":true,"isBestMatch":true},{"id":232784454,"price":"2.31700000","qty":"50.36000000","quoteQty":"116.68412000","time":1775304285355,"isBuyerMaker":true,"isBestMatch":true},{"id":232784455,"price":"2.31700000","qty":"34.64000000","quoteQty":"80.26088000","time":1775304285355,"isBuyerMaker":true,"isBestMatch":true},{"id":232784456,"price":"2.31700000","qty":"138.24000000","quoteQty":"320.30208000","time":1775304285355,"isBuyerMaker":true,"isBestMatch":true},{"id":232784457,"price":"2.31700000","qty":"400.00000000","quoteQty":"926.80000000","time":1775304285355,"isBuyerMaker":true,"isBestMatch":true},{"id":232784458,"price":"2.31600000","qty":"3.24000000","quoteQty":"7.50384000","time":1775304285389,"isBuyerMaker":true,"isBestMatch":true},{"id":232784459,"price":"2.31600000","qty":"3.24000000","quoteQty":"7.50384000","time":1775304285389,"isBuyerMaker":true,"isBestMatch":true},{"id":232784460,"price":"2.31600000","qty":"55.85000000","quoteQty":"129.34860000","time":1775304285389,"isBuyerMaker":true,"isBestMatch":true},{"id":232784461,"price":"2.31600000","qty":"112.50000000","quoteQty":"260.55000000","time":1775304285389,"isBuyerMaker":true,"isBestMatch":true},{"id":232784462,"price":"2.31600000","qty":"135.69000000","quoteQty":"314.25804000","time":1775304294435,"isBuyerMaker":true,"isBestMatch":true},{"id":232784463,"price":"2.31600000","qty":"39.10000000","quoteQty":"90.55560000","time":1775304299414,"isBuyerMaker":false,"isBestMatch":true},{"id":232784464,"price":"2.31600000","qty":"15.00000000","quoteQty":"34.74000000","time":1775304299414,"isBuyerMaker":false,"isBestMatch":true},{"id":232784465,"price":"2.31700000","qty":"9.06000000","quoteQty":"20.99202000","time":1775304303595,"isBuyerMaker":false,"isBestMatch":true},{"id":232784466,"price":"2.31600000","qty":"2.41000000","quoteQty":"5.58156000","time":1775304307746,"isBuyerMaker":true,"isBestMatch":true},{"id":232784467,"price":"2.31600000","qty":"25.95000000","quoteQty":"60.10020000","time":1775304411530,"isBuyerMaker":true,"isBestMatch":true},{"id":232784468,"price":"2.31600000","qty":"4.79000000","quoteQty":"11.09364000","time":1775304429120,"isBuyerMaker":true,"isBestMatch":true},{"id":232784469,"price":"2.31700000","qty":"146.63000000","quoteQty":"339.74171000","time":1775304534585,"isBuyerMaker":false,"isBestMatch":true},{"id":232784470,"price":"2.31800000","qty":"34.64000000","quoteQty":"80.29552000","time":1775304537086,"isBuyerMaker":false,"isBestMatch":true},{"id":232784471,"price":"2.31800000","qty":"119.86000000","quoteQty":"277.83548000","time":1775304537086,"isBuyerMaker":false,"isBestMatch":true},{"id":232784472,"price":"2.31800000","qty":"66.13000000","quoteQty":"153.28934000","time":1775304537086,"isBuyerMaker":false,"isBestMatch":true},{"id":232784473,"price":"2.31800000","qty":"3.24000000","quoteQty":"7.51032000","time":1775304537086,"isBuyerMaker":false,"isBestMatch":true},{"id":232784474,"price":"2.31800000","qty":"4.32000000","quoteQty":"10.01376000","time":1775304537086,"isBuyerMaker":false,"isBestMatch":true},{"id":232784475,"price":"2.31800000","qty":"15.00000000","quoteQty":"34.77000000","time":1775304537086,"isBuyerMaker":false,"isBestMatch":true},{"id":232784476,"price":"2.31800000","qty":"80.72000000","quoteQty":"187.10896000","time":1775304537086,"isBuyerMaker":false,"isBestMatch":true},{"id":232784477,"price":"2.31800000","qty":"81.78000000","quoteQty":"189.56604000","time":1775304537373,"isBuyerMaker":true,"isBestMatch":true},{"id":232784478,"price":"2.31800000","qty":"60.44000000","quoteQty":"140.09992000","time":1775304539651,"isBuyerMaker":true,"isBestMatch":true},{"id":232784479,"price":"2.31800000","qty":"147.50000000","quoteQty":"341.90500000","time":1775304543340,"isBuyerMaker":true,"isBestMatch":true},{"id":232784480,"price":"2.31800000","qty":"279.78000000","quoteQty":"648.53004000","time":1775304543340,"isBuyerMaker":true,"isBestMatch":true},{"id":232784481,"price":"2.31800000","qty":"120.22000000","quoteQty":"278.66996000","time":1775304543340,"isBuyerMaker":true,"isBestMatch":true},{"id":232784482,"price":"2.31800000","qty":"19.50000000","quoteQty":"45.20100000","time":1775304543340,"isBuyerMaker":true,"isBestMatch":true},{"id":232784483,"price":"2.31800000","qty":"21.56000000","quoteQty":"49.97608000","time":1775304543340,"isBuyerMaker":true,"isBestMatch":true},{"id":232784484,"price":"2.31800000","qty":"21.56000000","quoteQty":"49.97608000","time":1775304543340,"isBuyerMaker":true,"isBestMatch":true},{"id":232784485,"price":"2.31700000","qty":"100.00000000","quoteQty":"231.70000000","time":1775304587446,"isBuyerMaker":true,"isBestMatch":true},{"id":232784486,"price":"2.31800000","qty":"202.28000000","quoteQty":"468.88504000","time":1775304614424,"isBuyerMaker":false,"isBestMatch":true},{"id":232784487,"price":"2.31800000","qty":"34.64000000","quoteQty":"80.29552000","time":1775304614424,"isBuyerMaker":false,"isBestMatch":true},{"id":232784488,"price":"2.31800000","qty":"15.00000000","quoteQty":"34.77000000","time":1775304614424,"isBuyerMaker":false,"isBestMatch":true},{"id":232784489,"price":"2.31800000","qty":"12.92000000","quoteQty":"29.94856000","time":1775304614424,"isBuyerMaker":false,"isBestMatch":true},{"id":232784490,"price":"2.31800000","qty":"10.29000000","quoteQty":"23.85222000","time":1775304614424,"isBuyerMaker":false,"isBestMatch":true},{"id":232784491,"price":"2.31800000","qty":"9.42000000","quoteQty":"21.83556000","time":1775304614424,"isBuyerMaker":false,"isBestMatch":true},{"id":232784492,"price":"2.31800000","qty":"18.54000000","quoteQty":"42.97572000","time":1775304614796,"isBuyerMaker":true,"isBestMatch":true},{"id":232784493,"price":"2.31800000","qty":"18.54000000","quoteQty":"42.97572000","time":1775304614797,"isBuyerMaker":true,"isBestMatch":true},{"id":232784494,"price":"2.31800000","qty":"42.40000000","quoteQty":"98.28320000","time":1775304614798,"isBuyerMaker":true,"isBestMatch":true},{"id":232784495,"price":"2.31800000","qty":"90.34000000","quoteQty":"209.40812000","time":1775304614798,"isBuyerMaker":true,"isBestMatch":true},{"id":232784496,"price":"2.31700000","qty":"12.50000000","quoteQty":"28.96250000","time":1775304628291,"isBuyerMaker":true,"isBestMatch":true},{"id":232784497,"price":"2.31700000","qty":"4.32000000","quoteQty":"10.00944000","time":1775304628291,"isBuyerMaker":true,"isBestMatch":true},{"id":232784498,"price":"2.31700000","qty":"83.18000000","quoteQty":"192.72806000","time":1775304628291,"isBuyerMaker":true,"isBestMatch":true},{"id":232784499,"price":"2.31700000","qty":"62.99000000","quoteQty":"145.94783000","time":1775304628293,"isBuyerMaker":true,"isBestMatch":true},{"id":232784500,"price":"2.31700000","qty":"151.82000000","quoteQty":"351.76694000","time":1775304661591,"isBuyerMaker":false,"isBestMatch":true},{"id":232784501,"price":"2.31700000","qty":"62.39000000","quoteQty":"144.55763000","time":1775304661591,"isBuyerMaker":false,"isBestMatch":true},{"id":232784502,"price":"2.31700000","qty":"194.90000000","quoteQty":"451.58330000","time":1775304661591,"isBuyerMaker":false,"isBestMatch":true},{"id":232784503,"price":"2.31700000","qty":"40.35000000","quoteQty":"93.49095000","time":1775304661591,"isBuyerMaker":false,"isBestMatch":true},{"id":232784504,"price":"2.31700000","qty":"244.75000000","quoteQty":"567.08575000","time":1775304661592,"isBuyerMaker":false,"isBestMatch":true},{"id":232784505,"price":"2.31700000","qty":"15.00000000","quoteQty":"34.75500000","time":1775304661592,"isBuyerMaker":false,"isBestMatch":true},{"id":232784506,"price":"2.31700000","qty":"45.22000000","quoteQty":"104.77474000","time":1775304661592,"isBuyerMaker":false,"isBestMatch":true},{"id":232784507,"price":"2.31800000","qty":"10.78000000","quoteQty":"24.98804000","time":1775304688898,"isBuyerMaker":false,"isBestMatch":true},{"id":232784508,"price":"2.31700000","qty":"150.01000000","quoteQty":"347.57317000","time":1775304735992,"isBuyerMaker":true,"isBestMatch":true},{"id":232784509,"price":"2.31700000","qty":"34.64000000","quoteQty":"80.26088000","time":1775304753302,"isBuyerMaker":false,"isBestMatch":true},{"id":232784510,"price":"2.31700000","qty":"15.00000000","quoteQty":"34.75500000","time":1775304753302,"isBuyerMaker":false,"isBestMatch":true},{"id":232784511,"price":"2.31700000","qty":"82.01000000","quoteQty":"190.01717000","time":1775304753302,"isBuyerMaker":false,"isBestMatch":true},{"id":232784512,"price":"2.31700000","qty":"2.55000000","quoteQty":"5.90835000","time":1775304753302,"isBuyerMaker":false,"isBestMatch":true},{"id":232784513,"price":"2.31700000","qty":"4.63000000","quoteQty":"10.72771000","time":1775304753302,"isBuyerMaker":false,"isBestMatch":true},{"id":232784514,"price":"2.31700000","qty":"34.64000000","quoteQty":"80.26088000","time":1775304766087,"isBuyerMaker":true,"isBestMatch":true},{"id":232784515,"price":"2.31700000","qty":"171.47000000","quoteQty":"397.29599000","time":1775304766087,"isBuyerMaker":true,"isBestMatch":true},{"id":232784516,"price":"2.31700000","qty":"6.09000000","quoteQty":"14.11053000","time":1775304788397,"isBuyerMaker":false,"isBestMatch":true},{"id":232784517,"price":"2.31700000","qty":"30.32000000","quoteQty":"70.25144000","time":1775304859447,"isBuyerMaker":false,"isBestMatch":true},{"id":232784518,"price":"2.31600000","qty":"4.32000000","quoteQty":"10.00512000","time":1775304893200,"isBuyerMaker":true,"isBestMatch":true},{"id":232784519,"price":"2.31600000","qty":"3.24000000","quoteQty":"7.50384000","time":1775304893200,"isBuyerMaker":true,"isBestMatch":true},{"id":232784520,"price":"2.31600000","qty":"3.24000000","quoteQty":"7.50384000","time":1775304893200,"isBuyerMaker":true,"isBestMatch":true},{"id":232784521,"price":"2.31600000","qty":"3.50000000","quoteQty":"8.10600000","time":1775304893200,"isBuyerMaker":true,"isBestMatch":true},{"id":232784522,"price":"2.31600000","qty":"2.95000000","quoteQty":"6.83220000","time":1775304893634,"isBuyerMaker":true,"isBestMatch":true},{"id":232784523,"price":"2.31500000","qty":"3.24000000","quoteQty":"7.50060000","time":1775304902274,"isBuyerMaker":true,"isBestMatch":true},{"id":232784524,"price":"2.31500000","qty":"3.24000000","quoteQty":"7.50060000","time":1775304902274,"isBuyerMaker":true,"isBestMatch":true},{"id":232784525,"price":"2.31500000","qty":"4.33000000","quoteQty":"10.02395000","time":1775304902274,"isBuyerMaker":true,"isBestMatch":true},{"id":232784526,"price":"2.31400000","qty":"32.29000000","quoteQty":"74.71906000","time":1775304902274,"isBuyerMaker":true,"isBestMatch":true},{"id":232784527,"price":"2.31500000","qty":"480.00000000","quoteQty":"1111.20000000","time":1775304932124,"isBuyerMaker":false,"isBestMatch":true},{"id":232784528,"price":"2.31500000","qty":"154.77000000","quoteQty":"358.29255000","time":1775304932124,"isBuyerMaker":false,"isBestMatch":true},{"id":232784529,"price":"2.31500000","qty":"15.00000000","quoteQty":"34.72500000","time":1775304932124,"isBuyerMaker":false,"isBestMatch":true},{"id":232784530,"price":"2.31500000","qty":"34.64000000","quoteQty":"80.19160000","time":1775304939817,"isBuyerMaker":true,"isBestMatch":true},{"id":232784531,"price":"2.31500000","qty":"7.82000000","quoteQty":"18.10330000","time":1775304939817,"isBuyerMaker":true,"isBestMatch":true},{"id":232784532,"price":"2.31500000","qty":"112.50000000","quoteQty":"260.43750000","time":1775304939817,"isBuyerMaker":true,"isBestMatch":true},{"id":232784533,"price":"2.31500000","qty":"198.90000000","quoteQty":"460.45350000","time":1775304939817,"isBuyerMaker":true,"isBestMatch":true},{"id":232784534,"price":"2.31500000","qty":"174.62000000","quoteQty":"404.24530000","time":1775304939817,"isBuyerMaker":true,"isBestMatch":true},{"id":232784535,"price":"2.31500000","qty":"19.50000000","quoteQty":"45.14250000","time":1775304939817,"isBuyerMaker":true,"isBestMatch":true},{"id":232784536,"price":"2.31500000","qty":"21.59000000","quoteQty":"49.98085000","time":1775304939817,"isBuyerMaker":true,"isBestMatch":true},{"id":232784537,"price":"2.31500000","qty":"21.59000000","quoteQty":"49.98085000","time":1775304939817,"isBuyerMaker":true,"isBestMatch":true},{"id":232784538,"price":"2.31500000","qty":"21.59000000","quoteQty":"49.98085000","time":1775304939817,"isBuyerMaker":true,"isBestMatch":true},{"id":232784539,"price":"2.31500000","qty":"21.59000000","quoteQty":"49.98085000","time":1775304939817,"isBuyerMaker":true,"isBestMatch":true},{"id":232784540,"price":"2.31500000","qty":"21.59000000","quoteQty":"49.98085000","time":1775304939817,"isBuyerMaker":true,"isBestMatch":true},{"id":232784541,"price":"2.31500000","qty":"18.14000000","quoteQty":"41.99410000","time":1775304939817,"isBuyerMaker":true,"isBestMatch":true},{"id":232784542,"price":"2.31400000","qty":"80.21000000","quoteQty":"185.60594000","time":1775304939817,"isBuyerMaker":true,"isBestMatch":true},{"id":232784543,"price":"2.31400000","qty":"57.40000000","quoteQty":"132.82360000","time":1775304939817,"isBuyerMaker":true,"isBestMatch":true},{"id":232784544,"price":"2.31500000","qty":"9.06000000","quoteQty":"20.97390000","time":1775304939954,"isBuyerMaker":true,"isBestMatch":true},{"id":232784545,"price":"2.31500000","qty":"9.49000000","quoteQty":"21.96935000","time":1775304939954,"isBuyerMaker":true,"isBestMatch":true},{"id":232784546,"price":"2.31600000","qty":"4.33000000","quoteQty":"10.02828000","time":1775304983372,"isBuyerMaker":false,"isBestMatch":true},{"id":232784547,"price":"2.31600000","qty":"150.71000000","quoteQty":"349.04436000","time":1775304983372,"isBuyerMaker":false,"isBestMatch":true},{"id":232784548,"price":"2.31700000","qty":"480.04000000","quoteQty":"1112.25268000","time":1775305007174,"isBuyerMaker":false,"isBestMatch":true},{"id":232784549,"price":"2.31700000","qty":"206.44000000","quoteQty":"478.32148000","time":1775305007174,"isBuyerMaker":false,"isBestMatch":true},{"id":232784550,"price":"2.31700000","qty":"89.98000000","quoteQty":"208.48366000","time":1775305007174,"isBuyerMaker":false,"isBestMatch":true},{"id":232784551,"price":"2.31700000","qty":"90.41000000","quoteQty":"209.47997000","time":1775305007174,"isBuyerMaker":false,"isBestMatch":true},{"id":232784552,"price":"2.31700000","qty":"4.33000000","quoteQty":"10.03261000","time":1775305007174,"isBuyerMaker":false,"isBestMatch":true},{"id":232784553,"price":"2.31700000","qty":"140.08000000","quoteQty":"324.56536000","time":1775305007174,"isBuyerMaker":false,"isBestMatch":true},{"id":232784554,"price":"2.31700000","qty":"15.00000000","quoteQty":"34.75500000","time":1775305007174,"isBuyerMaker":false,"isBestMatch":true},{"id":232784555,"price":"2.31800000","qty":"4.00000000","quoteQty":"9.27200000","time":1775305027504,"isBuyerMaker":false,"isBestMatch":true},{"id":232784556,"price":"2.31800000","qty":"0.32000000","quoteQty":"0.74176000","time":1775305030531,"isBuyerMaker":false,"isBestMatch":true},{"id":232784557,"price":"2.31800000","qty":"71.54000000","quoteQty":"165.82972000","time":1775305030531,"isBuyerMaker":false,"isBestMatch":true},{"id":232784558,"price":"2.31800000","qty":"74.93000000","quoteQty":"173.68774000","time":1775305030531,"isBuyerMaker":false,"isBestMatch":true},{"id":232784559,"price":"2.31800000","qty":"180.13000000","quoteQty":"417.54134000","time":1775305030531,"isBuyerMaker":false,"isBestMatch":true},{"id":232784560,"price":"2.31800000","qty":"15.00000000","quoteQty":"34.77000000","time":1775305030531,"isBuyerMaker":false,"isBestMatch":true},{"id":232784561,"price":"2.31800000","qty":"6.09000000","quoteQty":"14.11662000","time":1775305030531,"isBuyerMaker":false,"isBestMatch":true},{"id":232784562,"price":"2.31900000","qty":"4.32000000","quoteQty":"10.01808000","time":1775305032594,"isBuyerMaker":false,"isBestMatch":true},{"id":232784563,"price":"2.31900000","qty":"15.00000000","quoteQty":"34.78500000","time":1775305032594,"isBuyerMaker":false,"isBestMatch":true},{"id":232784564,"price":"2.31900000","qty":"66.85000000","quoteQty":"155.02515000","time":1775305032594,"isBuyerMaker":false,"isBestMatch":true},{"id":232784565,"price":"2.31900000","qty":"111.36000000","quoteQty":"258.24384000","time":1775305032738,"isBuyerMaker":true,"isBestMatch":true},{"id":232784566,"price":"2.31900000","qty":"3.45000000","quoteQty":"8.00055000","time":1775305100356,"isBuyerMaker":true,"isBestMatch":true},{"id":232784567,"price":"2.32000000","qty":"4.31000000","quoteQty":"9.99920000","time":1775305103983,"isBuyerMaker":false,"isBestMatch":true},{"id":232784568,"price":"2.32000000","qty":"0.24000000","quoteQty":"0.55680000","time":1775305139000,"isBuyerMaker":false,"isBestMatch":true},{"id":232784569,"price":"2.32000000","qty":"85.53000000","quoteQty":"198.42960000","time":1775305139000,"isBuyerMaker":false,"isBestMatch":true},{"id":232784570,"price":"2.31900000","qty":"43.10000000","quoteQty":"99.94890000","time":1775305187640,"isBuyerMaker":true,"isBestMatch":true},{"id":232784571,"price":"2.31900000","qty":"5.17000000","quoteQty":"11.98923000","time":1775305195909,"isBuyerMaker":true,"isBestMatch":true},{"id":232784572,"price":"2.32000000","qty":"18.97000000","quoteQty":"44.01040000","time":1775305248138,"isBuyerMaker":false,"isBestMatch":true},{"id":232784573,"price":"2.32000000","qty":"10.04000000","quoteQty":"23.29280000","time":1775305248138,"isBuyerMaker":false,"isBestMatch":true},{"id":232784574,"price":"2.32000000","qty":"4.39000000","quoteQty":"10.18480000","time":1775305248138,"isBuyerMaker":false,"isBestMatch":true},{"id":232784575,"price":"2.32000000","qty":"6.53000000","quoteQty":"15.14960000","time":1775305248138,"isBuyerMaker":false,"isBestMatch":true},{"id":232784576,"price":"2.32000000","qty":"4.71000000","quoteQty":"10.92720000","time":1775305254097,"isBuyerMaker":false,"isBestMatch":true},{"id":232784577,"price":"2.32000000","qty":"3.00000000","quoteQty":"6.96000000","time":1775305254097,"isBuyerMaker":false,"isBestMatch":true},{"id":232784578,"price":"2.32000000","qty":"278.88000000","quoteQty":"647.00160000","time":1775305254097,"isBuyerMaker":false,"isBestMatch":true},{"id":232784579,"price":"2.32000000","qty":"15.00000000","quoteQty":"34.80000000","time":1775305254097,"isBuyerMaker":false,"isBestMatch":true},{"id":232784580,"price":"2.32000000","qty":"26.74000000","quoteQty":"62.03680000","time":1775305254097,"isBuyerMaker":false,"isBestMatch":true},{"id":232784581,"price":"2.32000000","qty":"71.61000000","quoteQty":"166.13520000","time":1775305254097,"isBuyerMaker":false,"isBestMatch":true},{"id":232784582,"price":"2.32000000","qty":"15.50000000","quoteQty":"35.96000000","time":1775305293138,"isBuyerMaker":false,"isBestMatch":true},{"id":232784583,"price":"2.32000000","qty":"17.34000000","quoteQty":"40.22880000","time":1775305293852,"isBuyerMaker":false,"isBestMatch":true},{"id":232784584,"price":"2.32000000","qty":"13.94000000","quoteQty":"32.34080000","time":1775305308146,"isBuyerMaker":false,"isBestMatch":true},{"id":232784585,"price":"2.32000000","qty":"233.11000000","quoteQty":"540.81520000","time":1775305310202,"isBuyerMaker":false,"isBestMatch":true},{"id":232784586,"price":"2.32000000","qty":"268.76000000","quoteQty":"623.52320000","time":1775305310202,"isBuyerMaker":false,"isBestMatch":true},{"id":232784587,"price":"2.32000000","qty":"451.35000000","quoteQty":"1047.13200000","time":1775305310203,"isBuyerMaker":false,"isBestMatch":true},{"id":232784588,"price":"2.32000000","qty":"41.72000000","quoteQty":"96.79040000","time":1775305310203,"isBuyerMaker":false,"isBestMatch":true},{"id":232784589,"price":"2.32100000","qty":"2.72000000","quoteQty":"6.31312000","time":1775305310255,"isBuyerMaker":false,"isBestMatch":true},{"id":232784590,"price":"2.32100000","qty":"23.39000000","quoteQty":"54.28819000","time":1775305310255,"isBuyerMaker":false,"isBestMatch":true},{"id":232784591,"price":"2.32100000","qty":"2.87000000","quoteQty":"6.66127000","time":1775305310255,"isBuyerMaker":false,"isBestMatch":true},{"id":232784592,"price":"2.32100000","qty":"6.54000000","quoteQty":"15.17934000","time":1775305310255,"isBuyerMaker":false,"isBestMatch":true},{"id":232784593,"price":"2.32100000","qty":"4.39000000","quoteQty":"10.18919000","time":1775305310255,"isBuyerMaker":false,"isBestMatch":true},{"id":232784594,"price":"2.32100000","qty":"112.50000000","quoteQty":"261.11250000","time":1775305310255,"isBuyerMaker":false,"isBestMatch":true},{"id":232784595,"price":"2.32100000","qty":"3.27000000","quoteQty":"7.58967000","time":1775305310255,"isBuyerMaker":false,"isBestMatch":true},{"id":232784596,"price":"2.32100000","qty":"3.25000000","quoteQty":"7.54325000","time":1775305310255,"isBuyerMaker":false,"isBestMatch":true},{"id":232784597,"price":"2.32100000","qty":"16.69000000","quoteQty":"38.73749000","time":1775305310255,"isBuyerMaker":false,"isBestMatch":true},{"id":232784598,"price":"2.32100000","qty":"34.64000000","quoteQty":"80.39944000","time":1775305310426,"isBuyerMaker":true,"isBestMatch":true},{"id":232784599,"price":"2.32000000","qty":"96.52000000","quoteQty":"223.92640000","time":1775305310426,"isBuyerMaker":true,"isBestMatch":true},{"id":232784600,"price":"2.32000000","qty":"56.26000000","quoteQty":"130.52320000","time":1775305312511,"isBuyerMaker":true,"isBestMatch":true},{"id":232784601,"price":"2.32100000","qty":"34.64000000","quoteQty":"80.39944000","time":1775305317444,"isBuyerMaker":false,"isBestMatch":true},{"id":232784602,"price":"2.32100000","qty":"6.68000000","quoteQty":"15.50428000","time":1775305317444,"isBuyerMaker":false,"isBestMatch":true},{"id":232784603,"price":"2.32200000","qty":"2.39000000","quoteQty":"5.54958000","time":1775305317444,"isBuyerMaker":false,"isBestMatch":true},{"id":232784604,"price":"2.32200000","qty":"6.55000000","quoteQty":"15.20910000","time":1775305317444,"isBuyerMaker":false,"isBestMatch":true},{"id":232784605,"price":"2.32200000","qty":"4.39000000","quoteQty":"10.19358000","time":1775305317444,"isBuyerMaker":false,"isBestMatch":true},{"id":232784606,"price":"2.32200000","qty":"112.50000000","quoteQty":"261.22500000","time":1775305317444,"isBuyerMaker":false,"isBestMatch":true},{"id":232784607,"price":"2.32200000","qty":"8.65000000","quoteQty":"20.08530000","time":1775305317444,"isBuyerMaker":false,"isBestMatch":true},{"id":232784608,"price":"2.32200000","qty":"3.05000000","quoteQty":"7.08210000","time":1775305317444,"isBuyerMaker":false,"isBestMatch":true},{"id":232784609,"price":"2.32200000","qty":"180.15000000","quoteQty":"418.30830000","time":1775305317444,"isBuyerMaker":false,"isBestMatch":true},{"id":232784610,"price":"2.32200000","qty":"34.64000000","quoteQty":"80.43408000","time":1775305317664,"isBuyerMaker":true,"isBestMatch":true},{"id":232784611,"price":"2.32200000","qty":"80.33000000","quoteQty":"186.52626000","time":1775305317664,"isBuyerMaker":true,"isBestMatch":true},{"id":232784612,"price":"2.32200000","qty":"3.00000000","quoteQty":"6.96600000","time":1775305319156,"isBuyerMaker":true,"isBestMatch":true},{"id":232784613,"price":"2.32200000","qty":"12.78000000","quoteQty":"29.67516000","time":1775305320087,"isBuyerMaker":true,"isBestMatch":true},{"id":232784614,"price":"2.32200000","qty":"16.39000000","quoteQty":"38.05758000","time":1775305320518,"isBuyerMaker":true,"isBestMatch":true},{"id":232784615,"price":"2.32200000","qty":"26.14000000","quoteQty":"60.69708000","time":1775305320518,"isBuyerMaker":true,"isBestMatch":true},{"id":232784616,"price":"2.32200000","qty":"89.63000000","quoteQty":"208.12086000","time":1775305320518,"isBuyerMaker":true,"isBestMatch":true},{"id":232784617,"price":"2.32200000","qty":"173.01000000","quoteQty":"401.72922000","time":1775305321086,"isBuyerMaker":true,"isBestMatch":true},{"id":232784618,"price":"2.32100000","qty":"3.23000000","quoteQty":"7.49683000","time":1775305321205,"isBuyerMaker":true,"isBestMatch":true},{"id":232784619,"price":"2.32100000","qty":"1.35000000","quoteQty":"3.13335000","time":1775305321205,"isBuyerMaker":true,"isBestMatch":true},{"id":232784620,"price":"2.32200000","qty":"112.50000000","quoteQty":"261.22500000","time":1775305322589,"isBuyerMaker":false,"isBestMatch":true},{"id":232784621,"price":"2.32200000","qty":"34.64000000","quoteQty":"80.43408000","time":1775305322589,"isBuyerMaker":false,"isBestMatch":true},{"id":232784622,"price":"2.32200000","qty":"17.68000000","quoteQty":"41.05296000","time":1775305322589,"isBuyerMaker":false,"isBestMatch":true},{"id":232784623,"price":"2.32200000","qty":"65.51000000","quoteQty":"152.11422000","time":1775305322589,"isBuyerMaker":false,"isBestMatch":true},{"id":232784624,"price":"2.32200000","qty":"23.86000000","quoteQty":"55.40292000","time":1775305323139,"isBuyerMaker":false,"isBestMatch":true},{"id":232784625,"price":"2.32200000","qty":"8.61000000","quoteQty":"19.99242000","time":1775305329670,"isBuyerMaker":false,"isBestMatch":true},{"id":232784626,"price":"2.32200000","qty":"30.38000000","quoteQty":"70.54236000","time":1775305358139,"isBuyerMaker":false,"isBestMatch":true},{"id":232784627,"price":"2.32200000","qty":"30.19000000","quoteQty":"70.10118000","time":1775305368138,"isBuyerMaker":false,"isBestMatch":true},{"id":232784628,"price":"2.32200000","qty":"45.91000000","quoteQty":"106.60302000","time":1775305386279,"isBuyerMaker":false,"isBestMatch":true},{"id":232784629,"price":"2.32300000","qty":"4.39000000","quoteQty":"10.19797000","time":1775305398138,"isBuyerMaker":false,"isBestMatch":true},{"id":232784630,"price":"2.32300000","qty":"36.38000000","quoteQty":"84.51074000","time":1775305398138,"isBuyerMaker":false,"isBestMatch":true},{"id":232784631,"price":"2.32300000","qty":"158.98000000","quoteQty":"369.31054000","time":1775305417039,"isBuyerMaker":false,"isBestMatch":true},{"id":232784632,"price":"2.32300000","qty":"14.19000000","quoteQty":"32.96337000","time":1775305417039,"isBuyerMaker":false,"isBestMatch":true},{"id":232784633,"price":"2.32300000","qty":"42.59000000","quoteQty":"98.93657000","time":1775305417039,"isBuyerMaker":false,"isBestMatch":true},{"id":232784634,"price":"2.32400000","qty":"2.23000000","quoteQty":"5.18252000","time":1775305417039,"isBuyerMaker":false,"isBestMatch":true},{"id":232784635,"price":"2.32400000","qty":"4.39000000","quoteQty":"10.20236000","time":1775305417039,"isBuyerMaker":false,"isBestMatch":true},{"id":232784636,"price":"2.32400000","qty":"112.50000000","quoteQty":"261.45000000","time":1775305417039,"isBuyerMaker":false,"isBestMatch":true},{"id":232784637,"price":"2.32400000","qty":"3.26000000","quoteQty":"7.57624000","time":1775305417039,"isBuyerMaker":false,"isBestMatch":true},{"id":232784638,"price":"2.32400000","qty":"3.25000000","quoteQty":"7.55300000","time":1775305417039,"isBuyerMaker":false,"isBestMatch":true},{"id":232784639,"price":"2.32400000","qty":"18.61000000","quoteQty":"43.24964000","time":1775305417039,"isBuyerMaker":false,"isBestMatch":true},{"id":232784640,"price":"2.32300000","qty":"112.50000000","quoteQty":"261.33750000","time":1775305417354,"isBuyerMaker":true,"isBestMatch":true},{"id":232784641,"price":"2.32300000","qty":"4.39000000","quoteQty":"10.19797000","time":1775305417354,"isBuyerMaker":true,"isBestMatch":true},{"id":232784642,"price":"2.32300000","qty":"22.92000000","quoteQty":"53.24316000","time":1775305417354,"isBuyerMaker":true,"isBestMatch":true},{"id":232784643,"price":"2.32300000","qty":"110.59000000","quoteQty":"256.90057000","time":1775305419082,"isBuyerMaker":true,"isBestMatch":true},{"id":232784644,"price":"2.32300000","qty":"19.50000000","quoteQty":"45.29850000","time":1775305419084,"isBuyerMaker":true,"isBestMatch":true},{"id":232784645,"price":"2.32300000","qty":"149.37000000","quoteQty":"346.98651000","time":1775305419084,"isBuyerMaker":true,"isBestMatch":true},{"id":232784646,"price":"2.32300000","qty":"4.53000000","quoteQty":"10.52319000","time":1775305420503,"isBuyerMaker":false,"isBestMatch":true},{"id":232784647,"price":"2.32300000","qty":"34.64000000","quoteQty":"80.46872000","time":1775305426541,"isBuyerMaker":false,"isBestMatch":true},{"id":232784648,"price":"2.32300000","qty":"465.36000000","quoteQty":"1081.03128000","time":1775305426541,"isBuyerMaker":false,"isBestMatch":true},{"id":232784649,"price":"2.32300000","qty":"12.57000000","quoteQty":"29.20011000","time":1775305426543,"isBuyerMaker":false,"isBestMatch":true},{"id":232784650,"price":"2.32300000","qty":"17.03000000","quoteQty":"39.56069000","time":1775305426545,"isBuyerMaker":false,"isBestMatch":true},{"id":232784651,"price":"2.32300000","qty":"15.00000000","quoteQty":"34.84500000","time":1775305426545,"isBuyerMaker":false,"isBestMatch":true},{"id":232784652,"price":"2.32300000","qty":"205.72000000","quoteQty":"477.88756000","time":1775305427967,"isBuyerMaker":true,"isBestMatch":true},{"id":232784653,"price":"2.32300000","qty":"34.64000000","quoteQty":"80.46872000","time":1775305427967,"isBuyerMaker":true,"isBestMatch":true},{"id":232784654,"price":"2.32300000","qty":"112.50000000","quoteQty":"261.33750000","time":1775305427967,"isBuyerMaker":true,"isBestMatch":true},{"id":232784655,"price":"2.32300000","qty":"19.50000000","quoteQty":"45.29850000","time":1775305427967,"isBuyerMaker":true,"isBestMatch":true},{"id":232784656,"price":"2.32300000","qty":"123.82000000","quoteQty":"287.63386000","time":1775305427967,"isBuyerMaker":true,"isBestMatch":true},{"id":232784657,"price":"2.32400000","qty":"34.13000000","quoteQty":"79.31812000","time":1775305428138,"isBuyerMaker":false,"isBestMatch":true},{"id":232784658,"price":"2.32400000","qty":"0.51000000","quoteQty":"1.18524000","time":1775305428772,"isBuyerMaker":false,"isBestMatch":true},{"id":232784659,"price":"2.32400000","qty":"35.49000000","quoteQty":"82.47876000","time":1775305428772,"isBuyerMaker":false,"isBestMatch":true},{"id":232784660,"price":"2.32300000","qty":"26.22000000","quoteQty":"60.90906000","time":1775305437988,"isBuyerMaker":true,"isBestMatch":true},{"id":232784661,"price":"2.32300000","qty":"6.89000000","quoteQty":"16.00547000","time":1775305437988,"isBuyerMaker":true,"isBestMatch":true},{"id":232784662,"price":"2.32300000","qty":"43.10000000","quoteQty":"100.12130000","time":1775305456827,"isBuyerMaker":true,"isBestMatch":true},{"id":232784663,"price":"2.32400000","qty":"4.31000000","quoteQty":"10.01644000","time":1775305458139,"isBuyerMaker":false,"isBestMatch":true},{"id":232784664,"price":"2.32400000","qty":"25.51000000","quoteQty":"59.28524000","time":1775305458139,"isBuyerMaker":false,"isBestMatch":true},{"id":232784665,"price":"2.32400000","qty":"70.93000000","quoteQty":"164.84132000","time":1775305464661,"isBuyerMaker":false,"isBestMatch":true},{"id":232784666,"price":"2.32400000","qty":"15.00000000","quoteQty":"34.86000000","time":1775305464661,"isBuyerMaker":false,"isBestMatch":true},{"id":232784667,"price":"2.32400000","qty":"90.26000000","quoteQty":"209.76424000","time":1775305464661,"isBuyerMaker":false,"isBestMatch":true},{"id":232784668,"price":"2.32400000","qty":"112.50000000","quoteQty":"261.45000000","time":1775305464661,"isBuyerMaker":false,"isBestMatch":true},{"id":232784669,"price":"2.32400000","qty":"18.56000000","quoteQty":"43.13344000","time":1775305464664,"isBuyerMaker":true,"isBestMatch":true},{"id":232784670,"price":"2.32400000","qty":"73.44000000","quoteQty":"170.67456000","time":1775305464916,"isBuyerMaker":true,"isBestMatch":true},{"id":232784671,"price":"2.32300000","qty":"142.93000000","quoteQty":"332.02639000","time":1775305465019,"isBuyerMaker":true,"isBestMatch":true},{"id":232784672,"price":"2.32300000","qty":"55.30000000","quoteQty":"128.46190000","time":1775305469662,"isBuyerMaker":true,"isBestMatch":true},{"id":232784673,"price":"2.32300000","qty":"400.00000000","quoteQty":"929.20000000","time":1775305469662,"isBuyerMaker":true,"isBestMatch":true},{"id":232784674,"price":"2.32300000","qty":"134.69000000","quoteQty":"312.88487000","time":1775305469662,"isBuyerMaker":true,"isBestMatch":true},{"id":232784675,"price":"2.32300000","qty":"28.50000000","quoteQty":"66.20550000","time":1775305469662,"isBuyerMaker":true,"isBestMatch":true},{"id":232784676,"price":"2.32300000","qty":"19.50000000","quoteQty":"45.29850000","time":1775305469662,"isBuyerMaker":true,"isBestMatch":true},{"id":232784677,"price":"2.32300000","qty":"4.31000000","quoteQty":"10.01213000","time":1775305469662,"isBuyerMaker":true,"isBestMatch":true},{"id":232784678,"price":"2.32300000","qty":"172.99000000","quoteQty":"401.85577000","time":1775305469662,"isBuyerMaker":true,"isBestMatch":true},{"id":232784679,"price":"2.32300000","qty":"46.78000000","quoteQty":"108.66994000","time":1775305488138,"isBuyerMaker":false,"isBestMatch":true},{"id":232784680,"price":"2.32300000","qty":"34.64000000","quoteQty":"80.46872000","time":1775305494008,"isBuyerMaker":false,"isBestMatch":true},{"id":232784681,"price":"2.32300000","qty":"74.62000000","quoteQty":"173.34226000","time":1775305494008,"isBuyerMaker":false,"isBestMatch":true},{"id":232784682,"price":"2.32300000","qty":"44.41000000","quoteQty":"103.16443000","time":1775305523141,"isBuyerMaker":false,"isBestMatch":true},{"id":232784683,"price":"2.32300000","qty":"7.03000000","quoteQty":"16.33069000","time":1775305532705,"isBuyerMaker":false,"isBestMatch":true},{"id":232784684,"price":"2.32400000","qty":"11.66000000","quoteQty":"27.09784000","time":1775305532705,"isBuyerMaker":false,"isBestMatch":true},{"id":232784685,"price":"2.32400000","qty":"26.77000000","quoteQty":"62.21348000","time":1775305548139,"isBuyerMaker":false,"isBestMatch":true},{"id":232784686,"price":"2.32300000","qty":"163.66000000","quoteQty":"380.18218000","time":1775305563603,"isBuyerMaker":true,"isBestMatch":true},{"id":232784687,"price":"2.32300000","qty":"196.30000000","quoteQty":"456.00490000","time":1775305563603,"isBuyerMaker":true,"isBestMatch":true},{"id":232784688,"price":"2.32300000","qty":"83.51000000","quoteQty":"193.99373000","time":1775305563603,"isBuyerMaker":true,"isBestMatch":true},{"id":232784689,"price":"2.32200000","qty":"3.23000000","quoteQty":"7.50006000","time":1775305563608,"isBuyerMaker":true,"isBestMatch":true},{"id":232784690,"price":"2.32200000","qty":"3.23000000","quoteQty":"7.50006000","time":1775305563608,"isBuyerMaker":true,"isBestMatch":true},{"id":232784691,"price":"2.32200000","qty":"4.31000000","quoteQty":"10.00782000","time":1775305563608,"isBuyerMaker":true,"isBestMatch":true},{"id":232784692,"price":"2.32200000","qty":"129.00000000","quoteQty":"299.53800000","time":1775305563608,"isBuyerMaker":true,"isBestMatch":true},{"id":232784693,"price":"2.32200000","qty":"19.50000000","quoteQty":"45.27900000","time":1775305563608,"isBuyerMaker":true,"isBestMatch":true},{"id":232784694,"price":"2.32100000","qty":"1.88000000","quoteQty":"4.36348000","time":1775305563608,"isBuyerMaker":true,"isBestMatch":true},{"id":232784695,"price":"2.32100000","qty":"4.32000000","quoteQty":"10.02672000","time":1775305563608,"isBuyerMaker":true,"isBestMatch":true},{"id":232784696,"price":"2.32100000","qty":"156.76000000","quoteQty":"363.83996000","time":1775305563608,"isBuyerMaker":true,"isBestMatch":true},{"id":232784697,"price":"2.32100000","qty":"70.85000000","quoteQty":"164.44285000","time":1775305563609,"isBuyerMaker":true,"isBestMatch":true},{"id":232784698,"price":"2.32100000","qty":"3.23000000","quoteQty":"7.49683000","time":1775305563609,"isBuyerMaker":true,"isBestMatch":true},{"id":232784699,"price":"2.32100000","qty":"198.54000000","quoteQty":"460.81134000","time":1775305563609,"isBuyerMaker":true,"isBestMatch":true},{"id":232784700,"price":"2.32100000","qty":"132.23000000","quoteQty":"306.90583000","time":1775305563609,"isBuyerMaker":true,"isBestMatch":true},{"id":232784701,"price":"2.32100000","qty":"152.62000000","quoteQty":"354.23102000","time":1775305563609,"isBuyerMaker":true,"isBestMatch":true},{"id":232784702,"price":"2.32100000","qty":"707.69000000","quoteQty":"1642.54849000","time":1775305563609,"isBuyerMaker":true,"isBestMatch":true},{"id":232784703,"price":"2.32100000","qty":"130.91000000","quoteQty":"303.84211000","time":1775305563609,"isBuyerMaker":true,"isBestMatch":true},{"id":232784704,"price":"2.32200000","qty":"149.10000000","quoteQty":"346.21020000","time":1775305563610,"isBuyerMaker":true,"isBestMatch":true},{"id":232784705,"price":"2.32100000","qty":"226.76000000","quoteQty":"526.30996000","time":1775305563610,"isBuyerMaker":true,"isBestMatch":true},{"id":232784706,"price":"2.32100000","qty":"382.65000000","quoteQty":"888.13065000","time":1775305563610,"isBuyerMaker":true,"isBestMatch":true},{"id":232784707,"price":"2.32000000","qty":"43.10000000","quoteQty":"99.99200000","time":1775305563741,"isBuyerMaker":true,"isBestMatch":true},{"id":232784708,"price":"2.32100000","qty":"56.21000000","quoteQty":"130.46341000","time":1775305573139,"isBuyerMaker":false,"isBestMatch":true},{"id":232784709,"price":"2.32000000","qty":"2.32000000","quoteQty":"5.38240000","time":1775305594324,"isBuyerMaker":true,"isBestMatch":true},{"id":232784710,"price":"2.32100000","qty":"2.15000000","quoteQty":"4.99015000","time":1775305601570,"isBuyerMaker":false,"isBestMatch":true},{"id":232784711,"price":"2.32100000","qty":"14.16000000","quoteQty":"32.86536000","time":1775305608139,"isBuyerMaker":false,"isBestMatch":true},{"id":232784712,"price":"2.32000000","qty":"3.24000000","quoteQty":"7.51680000","time":1775305610170,"isBuyerMaker":true,"isBestMatch":true},{"id":232784713,"price":"2.32000000","qty":"3.24000000","quoteQty":"7.51680000","time":1775305610170,"isBuyerMaker":true,"isBestMatch":true},{"id":232784714,"price":"2.32000000","qty":"4.32000000","quoteQty":"10.02240000","time":1775305610170,"isBuyerMaker":true,"isBestMatch":true},{"id":232784715,"price":"2.32000000","qty":"14.17000000","quoteQty":"32.87440000","time":1775305610170,"isBuyerMaker":true,"isBestMatch":true},{"id":232784716,"price":"2.32000000","qty":"19.50000000","quoteQty":"45.24000000","time":1775305610170,"isBuyerMaker":true,"isBestMatch":true},{"id":232784717,"price":"2.32000000","qty":"23.84000000","quoteQty":"55.30880000","time":1775305610170,"isBuyerMaker":true,"isBestMatch":true},{"id":232784718,"price":"2.32000000","qty":"88.66000000","quoteQty":"205.69120000","time":1775305610170,"isBuyerMaker":true,"isBestMatch":true},{"id":232784719,"price":"2.31900000","qty":"3.24000000","quoteQty":"7.51356000","time":1775305610172,"isBuyerMaker":true,"isBestMatch":true},{"id":232784720,"price":"2.31900000","qty":"3.24000000","quoteQty":"7.51356000","time":1775305610172,"isBuyerMaker":true,"isBestMatch":true},{"id":232784721,"price":"2.31900000","qty":"4.32000000","quoteQty":"10.01808000","time":1775305610172,"isBuyerMaker":true,"isBestMatch":true},{"id":232784722,"price":"2.31900000","qty":"250.41000000","quoteQty":"580.70079000","time":1775305610172,"isBuyerMaker":true,"isBestMatch":true},{"id":232784723,"price":"2.31900000","qty":"142.61000000","quoteQty":"330.71259000","time":1775305610172,"isBuyerMaker":true,"isBestMatch":true},{"id":232784724,"price":"2.31800000","qty":"3.24000000","quoteQty":"7.51032000","time":1775305610225,"isBuyerMaker":true,"isBestMatch":true},{"id":232784725,"price":"2.31800000","qty":"3.24000000","quoteQty":"7.51032000","time":1775305610225,"isBuyerMaker":true,"isBestMatch":true},{"id":232784726,"price":"2.31800000","qty":"4.32000000","quoteQty":"10.01376000","time":1775305610225,"isBuyerMaker":true,"isBestMatch":true},{"id":232784727,"price":"2.31800000","qty":"62.79000000","quoteQty":"145.54722000","time":1775305610225,"isBuyerMaker":true,"isBestMatch":true},{"id":232784728,"price":"2.31800000","qty":"19.50000000","quoteQty":"45.20100000","time":1775305610309,"isBuyerMaker":true,"isBestMatch":true},{"id":232784729,"price":"2.31800000","qty":"23.60000000","quoteQty":"54.70480000","time":1775305610309,"isBuyerMaker":true,"isBestMatch":true},{"id":232784730,"price":"2.31800000","qty":"35.45000000","quoteQty":"82.17310000","time":1775305656952,"isBuyerMaker":false,"isBestMatch":true},{"id":232784731,"price":"2.31700000","qty":"3.24000000","quoteQty":"7.50708000","time":1775305688473,"isBuyerMaker":true,"isBestMatch":true},{"id":232784732,"price":"2.31700000","qty":"3.24000000","quoteQty":"7.50708000","time":1775305688473,"isBuyerMaker":true,"isBestMatch":true},{"id":232784733,"price":"2.31700000","qty":"4.32000000","quoteQty":"10.00944000","time":1775305688473,"isBuyerMaker":true,"isBestMatch":true},{"id":232784734,"price":"2.31600000","qty":"3.24000000","quoteQty":"7.50384000","time":1775305743238,"isBuyerMaker":true,"isBestMatch":true},{"id":232784735,"price":"2.31600000","qty":"0.95000000","quoteQty":"2.20020000","time":1775305743238,"isBuyerMaker":true,"isBestMatch":true},{"id":232784736,"price":"2.31600000","qty":"2.29000000","quoteQty":"5.30364000","time":1775305743377,"isBuyerMaker":true,"isBestMatch":true},{"id":232784737,"price":"2.31600000","qty":"1.17000000","quoteQty":"2.70972000","time":1775305743377,"isBuyerMaker":true,"isBestMatch":true},{"id":232784738,"price":"2.31700000","qty":"112.50000000","quoteQty":"260.66250000","time":1775305769972,"isBuyerMaker":false,"isBestMatch":true},{"id":232784739,"price":"2.31700000","qty":"17.20000000","quoteQty":"39.85240000","time":1775305769972,"isBuyerMaker":false,"isBestMatch":true},{"id":232784740,"price":"2.31700000","qty":"75.30000000","quoteQty":"174.47010000","time":1775305769972,"isBuyerMaker":false,"isBestMatch":true},{"id":232784741,"price":"2.31600000","qty":"3.15000000","quoteQty":"7.29540000","time":1775305785694,"isBuyerMaker":true,"isBestMatch":true},{"id":232784742,"price":"2.31600000","qty":"99.85000000","quoteQty":"231.25260000","time":1775305785694,"isBuyerMaker":true,"isBestMatch":true},{"id":232784743,"price":"2.31500000","qty":"2.55000000","quoteQty":"5.90325000","time":1775305796164,"isBuyerMaker":true,"isBestMatch":true},{"id":232784744,"price":"2.31500000","qty":"6.49000000","quoteQty":"15.02435000","time":1775305796263,"isBuyerMaker":true,"isBestMatch":true},{"id":232784745,"price":"2.31600000","qty":"57.31000000","quoteQty":"132.72996000","time":1775305804383,"isBuyerMaker":false,"isBestMatch":true},{"id":232784746,"price":"2.31600000","qty":"74.92000000","quoteQty":"173.51472000","time":1775305833256,"isBuyerMaker":false,"isBestMatch":true},{"id":232784747,"price":"2.31500000","qty":"21.74000000","quoteQty":"50.32810000","time":1775305887686,"isBuyerMaker":true,"isBestMatch":true},{"id":232784748,"price":"2.31500000","qty":"4.33000000","quoteQty":"10.02395000","time":1775305939600,"isBuyerMaker":true,"isBestMatch":true},{"id":232784749,"price":"2.31500000","qty":"3.24000000","quoteQty":"7.50060000","time":1775305939600,"isBuyerMaker":true,"isBestMatch":true},{"id":232784750,"price":"2.31500000","qty":"3.24000000","quoteQty":"7.50060000","time":1775305939600,"isBuyerMaker":true,"isBestMatch":true},{"id":232784751,"price":"2.31500000","qty":"138.08000000","quoteQty":"319.65520000","time":1775305939600,"isBuyerMaker":true,"isBestMatch":true},{"id":232784752,"price":"2.31500000","qty":"19.50000000","quoteQty":"45.14250000","time":1775305939600,"isBuyerMaker":true,"isBestMatch":true},{"id":232784753,"price":"2.31500000","qty":"131.00000000","quoteQty":"303.26500000","time":1775305939600,"isBuyerMaker":true,"isBestMatch":true},{"id":232784754,"price":"2.31500000","qty":"204.91000000","quoteQty":"474.36665000","time":1775305942073,"isBuyerMaker":false,"isBestMatch":true},{"id":232784755,"price":"2.31400000","qty":"4.33000000","quoteQty":"10.01962000","time":1775305947691,"isBuyerMaker":true,"isBestMatch":true},{"id":232784756,"price":"2.31400000","qty":"112.50000000","quoteQty":"260.32500000","time":1775305947726,"isBuyerMaker":false,"isBestMatch":true},{"id":232784757,"price":"2.31400000","qty":"200.54000000","quoteQty":"464.04956000","time":1775305947726,"isBuyerMaker":false,"isBestMatch":true},{"id":232784758,"price":"2.31400000","qty":"12.97000000","quoteQty":"30.01258000","time":1775305948572,"isBuyerMaker":false,"isBestMatch":true},{"id":232784759,"price":"2.31400000","qty":"34.64000000","quoteQty":"80.15696000","time":1775305948572,"isBuyerMaker":false,"isBestMatch":true},{"id":232784760,"price":"2.31400000","qty":"15.21000000","quoteQty":"35.19594000","time":1775305948572,"isBuyerMaker":false,"isBestMatch":true},{"id":232784761,"price":"2.31400000","qty":"58.91000000","quoteQty":"136.31774000","time":1775305950357,"isBuyerMaker":false,"isBestMatch":true},{"id":232784762,"price":"2.31400000","qty":"83.57000000","quoteQty":"193.38098000","time":1775305951177,"isBuyerMaker":false,"isBestMatch":true},{"id":232784763,"price":"2.31500000","qty":"29.77000000","quoteQty":"68.91755000","time":1775305951177,"isBuyerMaker":false,"isBestMatch":true},{"id":232784764,"price":"2.31500000","qty":"91.29000000","quoteQty":"211.33635000","time":1775305951177,"isBuyerMaker":false,"isBestMatch":true},{"id":232784765,"price":"2.31500000","qty":"480.00000000","quoteQty":"1111.20000000","time":1775305954118,"isBuyerMaker":false,"isBestMatch":true},{"id":232784766,"price":"2.31500000","qty":"96.40000000","quoteQty":"223.16600000","time":1775305954118,"isBuyerMaker":false,"isBestMatch":true},{"id":232784767,"price":"2.31500000","qty":"3.25000000","quoteQty":"7.52375000","time":1775305954118,"isBuyerMaker":false,"isBestMatch":true},{"id":232784768,"price":"2.31500000","qty":"4.33000000","quoteQty":"10.02395000","time":1775305954118,"isBuyerMaker":false,"isBestMatch":true},{"id":232784769,"price":"2.31500000","qty":"99.72000000","quoteQty":"230.85180000","time":1775305954118,"isBuyerMaker":false,"isBestMatch":true},{"id":232784770,"price":"2.31500000","qty":"58.07000000","quoteQty":"134.43205000","time":1775305954118,"isBuyerMaker":false,"isBestMatch":true},{"id":232784771,"price":"2.31500000","qty":"34.64000000","quoteQty":"80.19160000","time":1775306004206,"isBuyerMaker":true,"isBestMatch":true},{"id":232784772,"price":"2.31500000","qty":"220.46000000","quoteQty":"510.36490000","time":1775306004206,"isBuyerMaker":true,"isBestMatch":true},{"id":232784773,"price":"2.31400000","qty":"4.33000000","quoteQty":"10.01962000","time":1775306045570,"isBuyerMaker":true,"isBestMatch":true},{"id":232784774,"price":"2.31400000","qty":"3.24000000","quoteQty":"7.49736000","time":1775306045570,"isBuyerMaker":true,"isBestMatch":true},{"id":232784775,"price":"2.31400000","qty":"3.24000000","quoteQty":"7.49736000","time":1775306045570,"isBuyerMaker":true,"isBestMatch":true},{"id":232784776,"price":"2.31300000","qty":"112.50000000","quoteQty":"260.21250000","time":1775306113886,"isBuyerMaker":true,"isBestMatch":true},{"id":232784777,"price":"2.31300000","qty":"3.25000000","quoteQty":"7.51725000","time":1775306113886,"isBuyerMaker":true,"isBestMatch":true},{"id":232784778,"price":"2.31300000","qty":"3.25000000","quoteQty":"7.51725000","time":1775306113886,"isBuyerMaker":true,"isBestMatch":true},{"id":232784779,"price":"2.31300000","qty":"4.33000000","quoteQty":"10.01529000","time":1775306113886,"isBuyerMaker":true,"isBestMatch":true},{"id":232784780,"price":"2.31300000","qty":"156.13000000","quoteQty":"361.12869000","time":1775306113886,"isBuyerMaker":true,"isBestMatch":true},{"id":232784781,"price":"2.31300000","qty":"19.50000000","quoteQty":"45.10350000","time":1775306113886,"isBuyerMaker":true,"isBestMatch":true},{"id":232784782,"price":"2.31200000","qty":"3.25000000","quoteQty":"7.51400000","time":1775306113886,"isBuyerMaker":true,"isBestMatch":true},{"id":232784783,"price":"2.31200000","qty":"3.25000000","quoteQty":"7.51400000","time":1775306113886,"isBuyerMaker":true,"isBestMatch":true},{"id":232784784,"price":"2.31200000","qty":"95.53000000","quoteQty":"220.86536000","time":1775306113886,"isBuyerMaker":true,"isBestMatch":true},{"id":232784785,"price":"2.31200000","qty":"4.33000000","quoteQty":"10.01096000","time":1775306113889,"isBuyerMaker":true,"isBestMatch":true},{"id":232784786,"price":"2.31200000","qty":"3.57000000","quoteQty":"8.25384000","time":1775306113889,"isBuyerMaker":true,"isBestMatch":true},{"id":232784787,"price":"2.31200000","qty":"76.65000000","quoteQty":"177.21480000","time":1775306113891,"isBuyerMaker":true,"isBestMatch":true},{"id":232784788,"price":"2.31200000","qty":"13.42000000","quoteQty":"31.02704000","time":1775306113891,"isBuyerMaker":true,"isBestMatch":true},{"id":232784789,"price":"2.31200000","qty":"42.54000000","quoteQty":"98.35248000","time":1775306113891,"isBuyerMaker":true,"isBestMatch":true},{"id":232784790,"price":"2.31200000","qty":"55.90000000","quoteQty":"129.24080000","time":1775306113891,"isBuyerMaker":true,"isBestMatch":true},{"id":232784791,"price":"2.31200000","qty":"18.15000000","quoteQty":"41.96280000","time":1775306113891,"isBuyerMaker":true,"isBestMatch":true},{"id":232784792,"price":"2.31200000","qty":"4.67000000","quoteQty":"10.79704000","time":1775306113891,"isBuyerMaker":true,"isBestMatch":true},{"id":232784793,"price":"2.31200000","qty":"101.18000000","quoteQty":"233.92816000","time":1775306113894,"isBuyerMaker":true,"isBestMatch":true},{"id":232784794,"price":"2.31200000","qty":"210.17000000","quoteQty":"485.91304000","time":1775306113894,"isBuyerMaker":true,"isBestMatch":true},{"id":232784795,"price":"2.31200000","qty":"18.10000000","quoteQty":"41.84720000","time":1775306113895,"isBuyerMaker":true,"isBestMatch":true},{"id":232784796,"price":"2.31200000","qty":"43.40000000","quoteQty":"100.34080000","time":1775306113895,"isBuyerMaker":true,"isBestMatch":true},{"id":232784797,"price":"2.31200000","qty":"189.89000000","quoteQty":"439.02568000","time":1775306113895,"isBuyerMaker":true,"isBestMatch":true},{"id":232784798,"price":"2.31200000","qty":"74.17000000","quoteQty":"171.48104000","time":1775306113896,"isBuyerMaker":true,"isBestMatch":true},{"id":232784799,"price":"2.31200000","qty":"103.89000000","quoteQty":"240.19368000","time":1775306113898,"isBuyerMaker":true,"isBestMatch":true},{"id":232784800,"price":"2.31200000","qty":"52.23000000","quoteQty":"120.75576000","time":1775306113899,"isBuyerMaker":true,"isBestMatch":true},{"id":232784801,"price":"2.31100000","qty":"43.10000000","quoteQty":"99.60410000","time":1775306114021,"isBuyerMaker":true,"isBestMatch":true},{"id":232784802,"price":"2.31100000","qty":"55.20000000","quoteQty":"127.56720000","time":1775306140767,"isBuyerMaker":true,"isBestMatch":true},{"id":232784803,"price":"2.31100000","qty":"4.33000000","quoteQty":"10.00663000","time":1775306169574,"isBuyerMaker":true,"isBestMatch":true},{"id":232784804,"price":"2.31100000","qty":"3.25000000","quoteQty":"7.51075000","time":1775306169574,"isBuyerMaker":true,"isBestMatch":true},{"id":232784805,"price":"2.31100000","qty":"3.25000000","quoteQty":"7.51075000","time":1775306169574,"isBuyerMaker":true,"isBestMatch":true},{"id":232784806,"price":"2.31100000","qty":"1287.30000000","quoteQty":"2974.95030000","time":1775306181998,"isBuyerMaker":false,"isBestMatch":true},{"id":232784807,"price":"2.31100000","qty":"208.43000000","quoteQty":"481.68173000","time":1775306181998,"isBuyerMaker":false,"isBestMatch":true},{"id":232784808,"price":"2.31100000","qty":"134.91000000","quoteQty":"311.77701000","time":1775306181998,"isBuyerMaker":false,"isBestMatch":true},{"id":232784809,"price":"2.31100000","qty":"59.42000000","quoteQty":"137.31962000","time":1775306181998,"isBuyerMaker":false,"isBestMatch":true},{"id":232784810,"price":"2.31100000","qty":"5.02000000","quoteQty":"11.60122000","time":1775306246936,"isBuyerMaker":true,"isBestMatch":true},{"id":232784811,"price":"2.31200000","qty":"3.25000000","quoteQty":"7.51400000","time":1775306263291,"isBuyerMaker":false,"isBestMatch":true},{"id":232784812,"price":"2.31200000","qty":"4.33000000","quoteQty":"10.01096000","time":1775306263291,"isBuyerMaker":false,"isBestMatch":true},{"id":232784813,"price":"2.31200000","qty":"16.79000000","quoteQty":"38.81848000","time":1775306263291,"isBuyerMaker":false,"isBestMatch":true},{"id":232784814,"price":"2.31000000","qty":"4.34000000","quoteQty":"10.02540000","time":1775306304764,"isBuyerMaker":true,"isBestMatch":true},{"id":232784815,"price":"2.31000000","qty":"3.25000000","quoteQty":"7.50750000","time":1775306304764,"isBuyerMaker":true,"isBestMatch":true},{"id":232784816,"price":"2.31000000","qty":"3.25000000","quoteQty":"7.50750000","time":1775306304764,"isBuyerMaker":true,"isBestMatch":true},{"id":232784817,"price":"2.31000000","qty":"12.59000000","quoteQty":"29.08290000","time":1775306304764,"isBuyerMaker":true,"isBestMatch":true},{"id":232784818,"price":"2.31000000","qty":"43.10000000","quoteQty":"99.56100000","time":1775306337449,"isBuyerMaker":true,"isBestMatch":true},{"id":232784819,"price":"2.31000000","qty":"12.96000000","quoteQty":"29.93760000","time":1775306337451,"isBuyerMaker":true,"isBestMatch":true},{"id":232784820,"price":"2.31000000","qty":"19.50000000","quoteQty":"45.04500000","time":1775306337451,"isBuyerMaker":true,"isBestMatch":true},{"id":232784821,"price":"2.31000000","qty":"63.72000000","quoteQty":"147.19320000","time":1775306337451,"isBuyerMaker":true,"isBestMatch":true},{"id":232784822,"price":"2.31000000","qty":"86.48000000","quoteQty":"199.76880000","time":1775306337451,"isBuyerMaker":true,"isBestMatch":true},{"id":232784823,"price":"2.31000000","qty":"29.43000000","quoteQty":"67.98330000","time":1775306337451,"isBuyerMaker":true,"isBestMatch":true},{"id":232784824,"price":"2.31000000","qty":"8.59000000","quoteQty":"19.84290000","time":1775306337451,"isBuyerMaker":true,"isBestMatch":true},{"id":232784825,"price":"2.30900000","qty":"4.34000000","quoteQty":"10.02106000","time":1775306338734,"isBuyerMaker":true,"isBestMatch":true},{"id":232784826,"price":"2.30900000","qty":"0.90000000","quoteQty":"2.07810000","time":1775306338734,"isBuyerMaker":true,"isBestMatch":true},{"id":232784827,"price":"2.31000000","qty":"45.00000000","quoteQty":"103.95000000","time":1775306340971,"isBuyerMaker":false,"isBestMatch":true},{"id":232784828,"price":"2.31000000","qty":"8.59000000","quoteQty":"19.84290000","time":1775306351010,"isBuyerMaker":false,"isBestMatch":true},{"id":232784829,"price":"2.31000000","qty":"98.65000000","quoteQty":"227.88150000","time":1775306351010,"isBuyerMaker":false,"isBestMatch":true},{"id":232784830,"price":"2.31100000","qty":"197.09000000","quoteQty":"455.47499000","time":1775306351044,"isBuyerMaker":false,"isBestMatch":true},{"id":232784831,"price":"2.31100000","qty":"48.14000000","quoteQty":"111.25154000","time":1775306351044,"isBuyerMaker":false,"isBestMatch":true},{"id":232784832,"price":"2.31000000","qty":"112.50000000","quoteQty":"259.87500000","time":1775306369071,"isBuyerMaker":true,"isBestMatch":true},{"id":232784833,"price":"2.31000000","qty":"86.57000000","quoteQty":"199.97670000","time":1775306369071,"isBuyerMaker":true,"isBestMatch":true},{"id":232784834,"price":"2.31000000","qty":"34.64000000","quoteQty":"80.01840000","time":1775306369071,"isBuyerMaker":true,"isBestMatch":true},{"id":232784835,"price":"2.31000000","qty":"212.08000000","quoteQty":"489.90480000","time":1775306369071,"isBuyerMaker":true,"isBestMatch":true},{"id":232784836,"price":"2.31000000","qty":"17.00000000","quoteQty":"39.27000000","time":1775306369071,"isBuyerMaker":true,"isBestMatch":true},{"id":232784837,"price":"2.31000000","qty":"97.96000000","quoteQty":"226.28760000","time":1775306369071,"isBuyerMaker":true,"isBestMatch":true},{"id":232784838,"price":"2.31000000","qty":"175.35000000","quoteQty":"405.05850000","time":1775306369071,"isBuyerMaker":true,"isBestMatch":true},{"id":232784839,"price":"2.31000000","qty":"107.00000000","quoteQty":"247.17000000","time":1775306369071,"isBuyerMaker":true,"isBestMatch":true},{"id":232784840,"price":"2.31000000","qty":"214.98000000","quoteQty":"496.60380000","time":1775306369071,"isBuyerMaker":true,"isBestMatch":true},{"id":232784841,"price":"2.31000000","qty":"18.18000000","quoteQty":"41.99580000","time":1775306369071,"isBuyerMaker":true,"isBestMatch":true},{"id":232784842,"price":"2.30900000","qty":"5.19000000","quoteQty":"11.98371000","time":1775306369071,"isBuyerMaker":true,"isBestMatch":true},{"id":232784843,"price":"2.30900000","qty":"112.50000000","quoteQty":"259.76250000","time":1775306369071,"isBuyerMaker":true,"isBestMatch":true},{"id":232784844,"price":"2.30900000","qty":"265.87000000","quoteQty":"613.89383000","time":1775306369071,"isBuyerMaker":true,"isBestMatch":true},{"id":232784845,"price":"2.30900000","qty":"97.39000000","quoteQty":"224.87351000","time":1775306369071,"isBuyerMaker":true,"isBestMatch":true},{"id":232784846,"price":"2.30900000","qty":"4.34000000","quoteQty":"10.02106000","time":1775306410298,"isBuyerMaker":true,"isBestMatch":true},{"id":232784847,"price":"2.30900000","qty":"3.25000000","quoteQty":"7.50425000","time":1775306410298,"isBuyerMaker":true,"isBestMatch":true},{"id":232784848,"price":"2.30900000","qty":"3.25000000","quoteQty":"7.50425000","time":1775306410298,"isBuyerMaker":true,"isBestMatch":true},{"id":232784849,"price":"2.30900000","qty":"22.04000000","quoteQty":"50.89036000","time":1775306410298,"isBuyerMaker":true,"isBestMatch":true},{"id":232784850,"price":"2.30900000","qty":"12.99000000","quoteQty":"29.99391000","time":1775306419389,"isBuyerMaker":true,"isBestMatch":true},{"id":232784851,"price":"2.30800000","qty":"3.25000000","quoteQty":"7.50100000","time":1775306476676,"isBuyerMaker":true,"isBestMatch":true},{"id":232784852,"price":"2.30800000","qty":"3.25000000","quoteQty":"7.50100000","time":1775306476676,"isBuyerMaker":true,"isBestMatch":true},{"id":232784853,"price":"2.30800000","qty":"4.34000000","quoteQty":"10.01672000","time":1775306476676,"isBuyerMaker":true,"isBestMatch":true},{"id":232784854,"price":"2.30800000","qty":"54.13000000","quoteQty":"124.93204000","time":1775306476676,"isBuyerMaker":true,"isBestMatch":true},{"id":232784855,"price":"2.30800000","qty":"58.37000000","quoteQty":"134.71796000","time":1775306484760,"isBuyerMaker":true,"isBestMatch":true},{"id":232784856,"price":"2.30800000","qty":"144.43000000","quoteQty":"333.34444000","time":1775306484760,"isBuyerMaker":true,"isBestMatch":true},{"id":232784857,"price":"2.30800000","qty":"15.86000000","quoteQty":"36.60488000","time":1775306484760,"isBuyerMaker":true,"isBestMatch":true},{"id":232784858,"price":"2.30800000","qty":"207.51000000","quoteQty":"478.93308000","time":1775306484760,"isBuyerMaker":true,"isBestMatch":true},{"id":232784859,"price":"2.30900000","qty":"15.00000000","quoteQty":"34.63500000","time":1775306535578,"isBuyerMaker":false,"isBestMatch":true},{"id":232784860,"price":"2.30900000","qty":"178.54000000","quoteQty":"412.24886000","time":1775306535578,"isBuyerMaker":false,"isBestMatch":true},{"id":232784861,"price":"2.30900000","qty":"193.19000000","quoteQty":"446.07571000","time":1775306535578,"isBuyerMaker":false,"isBestMatch":true},{"id":232784862,"price":"2.30900000","qty":"144.40000000","quoteQty":"333.41960000","time":1775306535578,"isBuyerMaker":false,"isBestMatch":true},{"id":232784863,"price":"2.30800000","qty":"43.10000000","quoteQty":"99.47480000","time":1775306548603,"isBuyerMaker":true,"isBestMatch":true},{"id":232784864,"price":"2.30800000","qty":"111.75000000","quoteQty":"257.91900000","time":1775306567205,"isBuyerMaker":true,"isBestMatch":true},{"id":232784865,"price":"2.30800000","qty":"112.50000000","quoteQty":"259.65000000","time":1775306567205,"isBuyerMaker":true,"isBestMatch":true},{"id":232784866,"price":"2.30800000","qty":"61.20000000","quoteQty":"141.24960000","time":1775306567205,"isBuyerMaker":true,"isBestMatch":true},{"id":232784867,"price":"2.30800000","qty":"15.00000000","quoteQty":"34.62000000","time":1775306575826,"isBuyerMaker":true,"isBestMatch":true},{"id":232784868,"price":"2.30800000","qty":"328.24000000","quoteQty":"757.57792000","time":1775306575826,"isBuyerMaker":true,"isBestMatch":true},{"id":232784869,"price":"2.30800000","qty":"177.35000000","quoteQty":"409.32380000","time":1775306575826,"isBuyerMaker":true,"isBestMatch":true},{"id":232784870,"price":"2.30800000","qty":"145.43000000","quoteQty":"335.65244000","time":1775306575826,"isBuyerMaker":true,"isBestMatch":true},{"id":232784871,"price":"2.30800000","qty":"23.55000000","quoteQty":"54.35340000","time":1775306575827,"isBuyerMaker":true,"isBestMatch":true},{"id":232784872,"price":"2.30800000","qty":"34.64000000","quoteQty":"79.94912000","time":1775306585068,"isBuyerMaker":false,"isBestMatch":true},{"id":232784873,"price":"2.30800000","qty":"30.35000000","quoteQty":"70.04780000","time":1775306585068,"isBuyerMaker":false,"isBestMatch":true},{"id":232784874,"price":"2.30800000","qty":"11.71000000","quoteQty":"27.02668000","time":1775306585068,"isBuyerMaker":false,"isBestMatch":true},{"id":232784875,"price":"2.30700000","qty":"4.34000000","quoteQty":"10.01238000","time":1775306601498,"isBuyerMaker":true,"isBestMatch":true},{"id":232784876,"price":"2.30700000","qty":"3.25000000","quoteQty":"7.49775000","time":1775306601498,"isBuyerMaker":true,"isBestMatch":true},{"id":232784877,"price":"2.30700000","qty":"3.25000000","quoteQty":"7.49775000","time":1775306601498,"isBuyerMaker":true,"isBestMatch":true},{"id":232784878,"price":"2.30700000","qty":"3.00000000","quoteQty":"6.92100000","time":1775306602065,"isBuyerMaker":false,"isBestMatch":true},{"id":232784879,"price":"2.30700000","qty":"19.29000000","quoteQty":"44.50203000","time":1775306693965,"isBuyerMaker":false,"isBestMatch":true},{"id":232784880,"price":"2.30700000","qty":"52.57000000","quoteQty":"121.27899000","time":1775306693965,"isBuyerMaker":false,"isBestMatch":true},{"id":232784881,"price":"2.30700000","qty":"86.04000000","quoteQty":"198.49428000","time":1775306693966,"isBuyerMaker":false,"isBestMatch":true},{"id":232784882,"price":"2.30700000","qty":"184.70000000","quoteQty":"426.10290000","time":1775306693966,"isBuyerMaker":false,"isBestMatch":true},{"id":232784883,"price":"2.30800000","qty":"27.00000000","quoteQty":"62.31600000","time":1775306693972,"isBuyerMaker":false,"isBestMatch":true},{"id":232784884,"price":"2.30800000","qty":"41.00000000","quoteQty":"94.62800000","time":1775306693973,"isBuyerMaker":false,"isBestMatch":true},{"id":232784885,"price":"2.30800000","qty":"41.00000000","quoteQty":"94.62800000","time":1775306693973,"isBuyerMaker":false,"isBestMatch":true},{"id":232784886,"price":"2.30600000","qty":"4.34000000","quoteQty":"10.00804000","time":1775306716157,"isBuyerMaker":true,"isBestMatch":true},{"id":232784887,"price":"2.30600000","qty":"3.26000000","quoteQty":"7.51756000","time":1775306716157,"isBuyerMaker":true,"isBestMatch":true},{"id":232784888,"price":"2.30600000","qty":"3.26000000","quoteQty":"7.51756000","time":1775306716157,"isBuyerMaker":true,"isBestMatch":true},{"id":232784889,"price":"2.30600000","qty":"65.79000000","quoteQty":"151.71174000","time":1775306716157,"isBuyerMaker":true,"isBestMatch":true},{"id":232784890,"price":"2.30600000","qty":"112.58000000","quoteQty":"259.60948000","time":1775306716157,"isBuyerMaker":true,"isBestMatch":true},{"id":232784891,"price":"2.30600000","qty":"15.00000000","quoteQty":"34.59000000","time":1775306716157,"isBuyerMaker":true,"isBestMatch":true},{"id":232784892,"price":"2.30600000","qty":"144.74000000","quoteQty":"333.77044000","time":1775306716157,"isBuyerMaker":true,"isBestMatch":true},{"id":232784893,"price":"2.30600000","qty":"140.00000000","quoteQty":"322.84000000","time":1775306716157,"isBuyerMaker":true,"isBestMatch":true},{"id":232784894,"price":"2.30500000","qty":"4.35000000","quoteQty":"10.02675000","time":1775306716158,"isBuyerMaker":true,"isBestMatch":true},{"id":232784895,"price":"2.30500000","qty":"3.26000000","quoteQty":"7.51430000","time":1775306716158,"isBuyerMaker":true,"isBestMatch":true},{"id":232784896,"price":"2.30500000","qty":"3.26000000","quoteQty":"7.51430000","time":1775306716158,"isBuyerMaker":true,"isBestMatch":true},{"id":232784897,"price":"2.30500000","qty":"18.16000000","quoteQty":"41.85880000","time":1775306716158,"isBuyerMaker":true,"isBestMatch":true},{"id":232784898,"price":"2.30500000","qty":"210.66000000","quoteQty":"485.57130000","time":1775306716158,"isBuyerMaker":true,"isBestMatch":true},{"id":232784899,"price":"2.30500000","qty":"156.51000000","quoteQty":"360.75555000","time":1775306716158,"isBuyerMaker":true,"isBestMatch":true},{"id":232784900,"price":"2.30500000","qty":"7.50000000","quoteQty":"17.28750000","time":1775306716161,"isBuyerMaker":false,"isBestMatch":true},{"id":232784901,"price":"2.30500000","qty":"34.64000000","quoteQty":"79.84520000","time":1775306716371,"isBuyerMaker":false,"isBestMatch":true},{"id":232784902,"price":"2.30500000","qty":"21.80000000","quoteQty":"50.24900000","time":1775306716371,"isBuyerMaker":false,"isBestMatch":true},{"id":232784903,"price":"2.30400000","qty":"38.10000000","quoteQty":"87.78240000","time":1775306717179,"isBuyerMaker":true,"isBestMatch":true},{"id":232784904,"price":"2.30400000","qty":"4.35000000","quoteQty":"10.02240000","time":1775306717313,"isBuyerMaker":true,"isBestMatch":true},{"id":232784905,"price":"2.30400000","qty":"21.76000000","quoteQty":"50.13504000","time":1775306717313,"isBuyerMaker":true,"isBestMatch":true},{"id":232784906,"price":"2.30300000","qty":"7.02000000","quoteQty":"16.16706000","time":1775306717313,"isBuyerMaker":true,"isBestMatch":true},{"id":232784907,"price":"2.30400000","qty":"2.23000000","quoteQty":"5.13792000","time":1775306717401,"isBuyerMaker":false,"isBestMatch":true},{"id":232784908,"price":"2.30400000","qty":"113.72000000","quoteQty":"262.01088000","time":1775306718031,"isBuyerMaker":false,"isBestMatch":true},{"id":232784909,"price":"2.30400000","qty":"51.01000000","quoteQty":"117.52704000","time":1775306720795,"isBuyerMaker":false,"isBestMatch":true},{"id":232784910,"price":"2.30400000","qty":"4.57000000","quoteQty":"10.52928000","time":1775306720895,"isBuyerMaker":false,"isBestMatch":true},{"id":232784911,"price":"2.30400000","qty":"141.40000000","quoteQty":"325.78560000","time":1775306723947,"isBuyerMaker":false,"isBestMatch":true},{"id":232784912,"price":"2.30500000","qty":"8.31000000","quoteQty":"19.15455000","time":1775306725479,"isBuyerMaker":false,"isBestMatch":true},{"id":232784913,"price":"2.30500000","qty":"4.35000000","quoteQty":"10.02675000","time":1775306740436,"isBuyerMaker":false,"isBestMatch":true},{"id":232784914,"price":"2.30500000","qty":"3.26000000","quoteQty":"7.51430000","time":1775306740436,"isBuyerMaker":false,"isBestMatch":true},{"id":232784915,"price":"2.30500000","qty":"3.26000000","quoteQty":"7.51430000","time":1775306740436,"isBuyerMaker":false,"isBestMatch":true},{"id":232784916,"price":"2.30500000","qty":"19.50000000","quoteQty":"44.94750000","time":1775306740436,"isBuyerMaker":false,"isBestMatch":true},{"id":232784917,"price":"2.30500000","qty":"46.41000000","quoteQty":"106.97505000","time":1775306740436,"isBuyerMaker":false,"isBestMatch":true},{"id":232784918,"price":"2.30500000","qty":"123.50000000","quoteQty":"284.66750000","time":1775306740437,"isBuyerMaker":false,"isBestMatch":true},{"id":232784919,"price":"2.30600000","qty":"8.31000000","quoteQty":"19.16286000","time":1775306821972,"isBuyerMaker":false,"isBestMatch":true},{"id":232784920,"price":"2.30600000","qty":"4.34000000","quoteQty":"10.00804000","time":1775306823421,"isBuyerMaker":false,"isBestMatch":true},{"id":232784921,"price":"2.30600000","qty":"156.34000000","quoteQty":"360.52004000","time":1775306823421,"isBuyerMaker":false,"isBestMatch":true},{"id":232784922,"price":"2.30600000","qty":"12.06000000","quoteQty":"27.81036000","time":1775306936620,"isBuyerMaker":false,"isBestMatch":true},{"id":232784923,"price":"2.30600000","qty":"84.51000000","quoteQty":"194.88006000","time":1775307076197,"isBuyerMaker":false,"isBestMatch":true},{"id":232784924,"price":"2.30600000","qty":"2.31000000","quoteQty":"5.32686000","time":1775307076197,"isBuyerMaker":false,"isBestMatch":true},{"id":232784925,"price":"2.30600000","qty":"181.82000000","quoteQty":"419.27692000","time":1775307076197,"isBuyerMaker":false,"isBestMatch":true},{"id":232784926,"price":"2.30600000","qty":"15.00000000","quoteQty":"34.59000000","time":1775307076197,"isBuyerMaker":false,"isBestMatch":true},{"id":232784927,"price":"2.30500000","qty":"4.34000000","quoteQty":"10.00370000","time":1775307113976,"isBuyerMaker":true,"isBestMatch":true},{"id":232784928,"price":"2.30500000","qty":"1.66000000","quoteQty":"3.82630000","time":1775307113976,"isBuyerMaker":true,"isBestMatch":true},{"id":232784929,"price":"2.30600000","qty":"44.88000000","quoteQty":"103.49328000","time":1775307145514,"isBuyerMaker":false,"isBestMatch":true},{"id":232784930,"price":"2.30600000","qty":"2.66000000","quoteQty":"6.13396000","time":1775307173835,"isBuyerMaker":false,"isBestMatch":true},{"id":232784931,"price":"2.30600000","qty":"1.35000000","quoteQty":"3.11310000","time":1775307173835,"isBuyerMaker":false,"isBestMatch":true},{"id":232784932,"price":"2.30500000","qty":"105.67000000","quoteQty":"243.56935000","time":1775307225242,"isBuyerMaker":false,"isBestMatch":true},{"id":232784933,"price":"2.30500000","qty":"15.00000000","quoteQty":"34.57500000","time":1775307225242,"isBuyerMaker":false,"isBestMatch":true},{"id":232784934,"price":"2.30500000","qty":"36.13000000","quoteQty":"83.27965000","time":1775307225242,"isBuyerMaker":false,"isBestMatch":true},{"id":232784935,"price":"2.30600000","qty":"208.10000000","quoteQty":"479.87860000","time":1775307225245,"isBuyerMaker":false,"isBestMatch":true},{"id":232784936,"price":"2.30600000","qty":"400.00000000","quoteQty":"922.40000000","time":1775307225245,"isBuyerMaker":false,"isBestMatch":true},{"id":232784937,"price":"2.30600000","qty":"4.34000000","quoteQty":"10.00804000","time":1775307225245,"isBuyerMaker":false,"isBestMatch":true},{"id":232784938,"price":"2.30600000","qty":"3.26000000","quoteQty":"7.51756000","time":1775307225245,"isBuyerMaker":false,"isBestMatch":true},{"id":232784939,"price":"2.30600000","qty":"3.26000000","quoteQty":"7.51756000","time":1775307225245,"isBuyerMaker":false,"isBestMatch":true},{"id":232784940,"price":"2.30600000","qty":"18.22000000","quoteQty":"42.01532000","time":1775307225245,"isBuyerMaker":false,"isBestMatch":true},{"id":232784941,"price":"2.30700000","qty":"34.64000000","quoteQty":"79.91448000","time":1775307225318,"isBuyerMaker":false,"isBestMatch":true},{"id":232784942,"price":"2.30700000","qty":"4.34000000","quoteQty":"10.01238000","time":1775307225318,"isBuyerMaker":false,"isBestMatch":true},{"id":232784943,"price":"2.30700000","qty":"112.50000000","quoteQty":"259.53750000","time":1775307225318,"isBuyerMaker":false,"isBestMatch":true},{"id":232784944,"price":"2.30700000","qty":"3.26000000","quoteQty":"7.52082000","time":1775307225318,"isBuyerMaker":false,"isBestMatch":true},{"id":232784945,"price":"2.30700000","qty":"3.26000000","quoteQty":"7.52082000","time":1775307225318,"isBuyerMaker":false,"isBestMatch":true},{"id":232784946,"price":"2.30700000","qty":"15.00000000","quoteQty":"34.60500000","time":1775307225318,"isBuyerMaker":false,"isBestMatch":true},{"id":232784947,"price":"2.30800000","qty":"88.10000000","quoteQty":"203.33480000","time":1775307225318,"isBuyerMaker":false,"isBestMatch":true},{"id":232784948,"price":"2.30700000","qty":"20.30000000","quoteQty":"46.83210000","time":1775307225415,"isBuyerMaker":true,"isBestMatch":true},{"id":232784949,"price":"2.30700000","qty":"14.34000000","quoteQty":"33.08238000","time":1775307225416,"isBuyerMaker":true,"isBestMatch":true},{"id":232784950,"price":"2.30700000","qty":"10.00000000","quoteQty":"23.07000000","time":1775307237422,"isBuyerMaker":false,"isBestMatch":true},{"id":232784951,"price":"2.30700000","qty":"15.00000000","quoteQty":"34.60500000","time":1775307275371,"isBuyerMaker":false,"isBestMatch":true},{"id":232784952,"price":"2.30700000","qty":"41.35000000","quoteQty":"95.39445000","time":1775307275371,"isBuyerMaker":false,"isBestMatch":true},{"id":232784953,"price":"2.30600000","qty":"43.36000000","quoteQty":"99.98816000","time":1775307329392,"isBuyerMaker":true,"isBestMatch":true},{"id":232784954,"price":"2.30700000","qty":"27.31000000","quoteQty":"63.00417000","time":1775307362441,"isBuyerMaker":false,"isBestMatch":true},{"id":232784955,"price":"2.30700000","qty":"184.44000000","quoteQty":"425.50308000","time":1775307362441,"isBuyerMaker":false,"isBestMatch":true},{"id":232784956,"price":"2.30700000","qty":"15.00000000","quoteQty":"34.60500000","time":1775307362441,"isBuyerMaker":false,"isBestMatch":true},{"id":232784957,"price":"2.30700000","qty":"6.50000000","quoteQty":"14.99550000","time":1775307362441,"isBuyerMaker":false,"isBestMatch":true},{"id":232784958,"price":"2.30700000","qty":"34.64000000","quoteQty":"79.91448000","time":1775307368231,"isBuyerMaker":true,"isBestMatch":true},{"id":232784959,"price":"2.30700000","qty":"234.44000000","quoteQty":"540.85308000","time":1775307368231,"isBuyerMaker":true,"isBestMatch":true},{"id":232784960,"price":"2.30700000","qty":"91.79000000","quoteQty":"211.75953000","time":1775307368231,"isBuyerMaker":true,"isBestMatch":true},{"id":232784961,"price":"2.30700000","qty":"10.79000000","quoteQty":"24.89253000","time":1775307368231,"isBuyerMaker":true,"isBestMatch":true},{"id":232784962,"price":"2.30700000","qty":"19.50000000","quoteQty":"44.98650000","time":1775307368231,"isBuyerMaker":true,"isBestMatch":true},{"id":232784963,"price":"2.30700000","qty":"164.59000000","quoteQty":"379.70913000","time":1775307368231,"isBuyerMaker":true,"isBestMatch":true},{"id":232784964,"price":"2.30700000","qty":"47.22000000","quoteQty":"108.93654000","time":1775307368231,"isBuyerMaker":true,"isBestMatch":true},{"id":232784965,"price":"2.30700000","qty":"59.98000000","quoteQty":"138.37386000","time":1775307368231,"isBuyerMaker":true,"isBestMatch":true},{"id":232784966,"price":"2.30700000","qty":"82.02000000","quoteQty":"189.22014000","time":1775307368232,"isBuyerMaker":true,"isBestMatch":true},{"id":232784967,"price":"2.30600000","qty":"3.40000000","quoteQty":"7.84040000","time":1775307533434,"isBuyerMaker":true,"isBestMatch":true},{"id":232784968,"price":"2.30700000","qty":"8.00000000","quoteQty":"18.45600000","time":1775307650474,"isBuyerMaker":false,"isBestMatch":true},{"id":232784969,"price":"2.30700000","qty":"2.99000000","quoteQty":"6.89793000","time":1775307685030,"isBuyerMaker":false,"isBestMatch":true},{"id":232784970,"price":"2.30700000","qty":"119.62000000","quoteQty":"275.96334000","time":1775307685030,"isBuyerMaker":false,"isBestMatch":true},{"id":232784971,"price":"2.30700000","qty":"80.88000000","quoteQty":"186.59016000","time":1775307685030,"isBuyerMaker":false,"isBestMatch":true},{"id":232784972,"price":"2.30700000","qty":"34.64000000","quoteQty":"79.91448000","time":1775307692546,"isBuyerMaker":true,"isBestMatch":true},{"id":232784973,"price":"2.30700000","qty":"60.72000000","quoteQty":"140.08104000","time":1775307692546,"isBuyerMaker":true,"isBestMatch":true},{"id":232784974,"price":"2.30700000","qty":"3.47000000","quoteQty":"8.00529000","time":1775307716124,"isBuyerMaker":true,"isBestMatch":true},{"id":232784975,"price":"2.30700000","qty":"20.99000000","quoteQty":"48.42393000","time":1775307821491,"isBuyerMaker":true,"isBestMatch":true},{"id":232784976,"price":"2.30700000","qty":"50.49000000","quoteQty":"116.48043000","time":1775307852949,"isBuyerMaker":true,"isBestMatch":true},{"id":232784977,"price":"2.30700000","qty":"42.09000000","quoteQty":"97.10163000","time":1775307852949,"isBuyerMaker":true,"isBestMatch":true},{"id":232784978,"price":"2.30800000","qty":"68.35000000","quoteQty":"157.75180000","time":1775307924398,"isBuyerMaker":false,"isBestMatch":true},{"id":232784979,"price":"2.30800000","qty":"112.50000000","quoteQty":"259.65000000","time":1775307924398,"isBuyerMaker":false,"isBestMatch":true},{"id":232784980,"price":"2.30800000","qty":"4.34000000","quoteQty":"10.01672000","time":1775307924398,"isBuyerMaker":false,"isBestMatch":true},{"id":232784981,"price":"2.30800000","qty":"3.26000000","quoteQty":"7.52408000","time":1775307924398,"isBuyerMaker":false,"isBestMatch":true},{"id":232784982,"price":"2.30800000","qty":"3.26000000","quoteQty":"7.52408000","time":1775307924398,"isBuyerMaker":false,"isBestMatch":true},{"id":232784983,"price":"2.30800000","qty":"212.51000000","quoteQty":"490.47308000","time":1775307924398,"isBuyerMaker":false,"isBestMatch":true},{"id":232784984,"price":"2.30700000","qty":"100.42000000","quoteQty":"231.66894000","time":1775307966291,"isBuyerMaker":true,"isBestMatch":true},{"id":232784985,"price":"2.30700000","qty":"3.44000000","quoteQty":"7.93608000","time":1775307977374,"isBuyerMaker":true,"isBestMatch":true},{"id":232784986,"price":"2.30700000","qty":"5.81000000","quoteQty":"13.40367000","time":1775307977374,"isBuyerMaker":true,"isBestMatch":true},{"id":232784987,"price":"2.30700000","qty":"28.01000000","quoteQty":"64.61907000","time":1775307977374,"isBuyerMaker":true,"isBestMatch":true},{"id":232784988,"price":"2.30700000","qty":"184.84000000","quoteQty":"426.42588000","time":1775308014691,"isBuyerMaker":true,"isBestMatch":true},{"id":232784989,"price":"2.30700000","qty":"400.00000000","quoteQty":"922.80000000","time":1775308014691,"isBuyerMaker":true,"isBestMatch":true},{"id":232784990,"price":"2.30700000","qty":"203.76000000","quoteQty":"470.07432000","time":1775308014691,"isBuyerMaker":true,"isBestMatch":true},{"id":232784991,"price":"2.30700000","qty":"161.90000000","quoteQty":"373.50330000","time":1775308014691,"isBuyerMaker":true,"isBestMatch":true},{"id":232784992,"price":"2.30600000","qty":"0.94000000","quoteQty":"2.16764000","time":1775308020597,"isBuyerMaker":true,"isBestMatch":true},{"id":232784993,"price":"2.30600000","qty":"96.64000000","quoteQty":"222.85184000","time":1775308020633,"isBuyerMaker":false,"isBestMatch":true},{"id":232784994,"price":"2.30600000","qty":"164.42000000","quoteQty":"379.15252000","time":1775308020633,"isBuyerMaker":false,"isBestMatch":true},{"id":232784995,"price":"2.30600000","qty":"15.00000000","quoteQty":"34.59000000","time":1775308028815,"isBuyerMaker":false,"isBestMatch":true},{"id":232784996,"price":"2.30600000","qty":"1.00000000","quoteQty":"2.30600000","time":1775308028815,"isBuyerMaker":false,"isBestMatch":true},{"id":232784997,"price":"2.30500000","qty":"36.74000000","quoteQty":"84.68570000","time":1775308041124,"isBuyerMaker":true,"isBestMatch":true},{"id":232784998,"price":"2.30600000","qty":"4.33000000","quoteQty":"9.98498000","time":1775308051911,"isBuyerMaker":false,"isBestMatch":true},{"id":232784999,"price":"2.30500000","qty":"2.99000000","quoteQty":"6.89195000","time":1775308053055,"isBuyerMaker":true,"isBestMatch":true},{"id":232785000,"price":"2.30500000","qty":"1.36000000","quoteQty":"3.13480000","time":1775308057025,"isBuyerMaker":true,"isBestMatch":true},{"id":232785001,"price":"2.30500000","qty":"8.00000000","quoteQty":"18.44000000","time":1775308057025,"isBuyerMaker":true,"isBestMatch":true},{"id":232785002,"price":"2.30500000","qty":"4.75000000","quoteQty":"10.94875000","time":1775308061576,"isBuyerMaker":true,"isBestMatch":true},{"id":232785003,"price":"2.30500000","qty":"15.00000000","quoteQty":"34.57500000","time":1775308115545,"isBuyerMaker":false,"isBestMatch":true},{"id":232785004,"price":"2.30500000","qty":"146.29000000","quoteQty":"337.19845000","time":1775308115545,"isBuyerMaker":false,"isBestMatch":true},{"id":232785005,"price":"2.30500000","qty":"44.26000000","quoteQty":"102.01930000","time":1775308115545,"isBuyerMaker":false,"isBestMatch":true},{"id":232785006,"price":"2.30500000","qty":"224.23000000","quoteQty":"516.85015000","time":1775308115545,"isBuyerMaker":false,"isBestMatch":true},{"id":232785007,"price":"2.30500000","qty":"15.00000000","quoteQty":"34.57500000","time":1775308120859,"isBuyerMaker":true,"isBestMatch":true},{"id":232785008,"price":"2.30500000","qty":"4.31000000","quoteQty":"9.93455000","time":1775308137034,"isBuyerMaker":true,"isBestMatch":true},{"id":232785009,"price":"2.30500000","qty":"171.85000000","quoteQty":"396.11425000","time":1775308199722,"isBuyerMaker":true,"isBestMatch":true},{"id":232785010,"price":"2.30500000","qty":"43.85000000","quoteQty":"101.07425000","time":1775308199722,"isBuyerMaker":true,"isBestMatch":true},{"id":232785011,"price":"2.30500000","qty":"188.12000000","quoteQty":"433.61660000","time":1775308202258,"isBuyerMaker":false,"isBestMatch":true},{"id":232785012,"price":"2.30500000","qty":"15.00000000","quoteQty":"34.57500000","time":1775308202258,"isBuyerMaker":false,"isBestMatch":true},{"id":232785013,"price":"2.30500000","qty":"211.85000000","quoteQty":"488.31425000","time":1775308202258,"isBuyerMaker":false,"isBestMatch":true},{"id":232785014,"price":"2.30500000","qty":"62.65000000","quoteQty":"144.40825000","time":1775308206109,"isBuyerMaker":false,"isBestMatch":true},{"id":232785015,"price":"2.30500000","qty":"15.00000000","quoteQty":"34.57500000","time":1775308206109,"isBuyerMaker":false,"isBestMatch":true},{"id":232785016,"price":"2.30600000","qty":"26.99000000","quoteQty":"62.23894000","time":1775308213675,"isBuyerMaker":false,"isBestMatch":true},{"id":232785017,"price":"2.30600000","qty":"2.32000000","quoteQty":"5.34992000","time":1775308215597,"isBuyerMaker":false,"isBestMatch":true},{"id":232785018,"price":"2.30600000","qty":"2.23000000","quoteQty":"5.14238000","time":1775308215597,"isBuyerMaker":false,"isBestMatch":true},{"id":232785019,"price":"2.30600000","qty":"17.05000000","quoteQty":"39.31730000","time":1775308224742,"isBuyerMaker":false,"isBestMatch":true},{"id":232785020,"price":"2.30600000","qty":"3.26000000","quoteQty":"7.51756000","time":1775308224861,"isBuyerMaker":false,"isBestMatch":true},{"id":232785021,"price":"2.30600000","qty":"4.34000000","quoteQty":"10.00804000","time":1775308224861,"isBuyerMaker":false,"isBestMatch":true},{"id":232785022,"price":"2.30600000","qty":"3.26000000","quoteQty":"7.51756000","time":1775308224861,"isBuyerMaker":false,"isBestMatch":true},{"id":232785023,"price":"2.30600000","qty":"186.71000000","quoteQty":"430.55326000","time":1775308224861,"isBuyerMaker":false,"isBestMatch":true},{"id":232785024,"price":"2.30600000","qty":"166.07000000","quoteQty":"382.95742000","time":1775308224861,"isBuyerMaker":false,"isBestMatch":true},{"id":232785025,"price":"2.30600000","qty":"15.00000000","quoteQty":"34.59000000","time":1775308224861,"isBuyerMaker":false,"isBestMatch":true},{"id":232785026,"price":"2.30600000","qty":"185.62000000","quoteQty":"428.03972000","time":1775308224955,"isBuyerMaker":true,"isBestMatch":true},{"id":232785027,"price":"2.30700000","qty":"3.26000000","quoteQty":"7.52082000","time":1775308254410,"isBuyerMaker":false,"isBestMatch":true},{"id":232785028,"price":"2.30700000","qty":"3.26000000","quoteQty":"7.52082000","time":1775308254410,"isBuyerMaker":false,"isBestMatch":true},{"id":232785029,"price":"2.30700000","qty":"4.34000000","quoteQty":"10.01238000","time":1775308254410,"isBuyerMaker":false,"isBestMatch":true},{"id":232785030,"price":"2.30700000","qty":"14.28000000","quoteQty":"32.94396000","time":1775308254410,"isBuyerMaker":false,"isBestMatch":true},{"id":232785031,"price":"2.30700000","qty":"15.00000000","quoteQty":"34.60500000","time":1775308254410,"isBuyerMaker":false,"isBestMatch":true},{"id":232785032,"price":"2.30700000","qty":"110.66000000","quoteQty":"255.29262000","time":1775308254410,"isBuyerMaker":false,"isBestMatch":true},{"id":232785033,"price":"2.30700000","qty":"34.64000000","quoteQty":"79.91448000","time":1775308263553,"isBuyerMaker":true,"isBestMatch":true},{"id":232785034,"price":"2.30700000","qty":"3.50000000","quoteQty":"8.07450000","time":1775308263553,"isBuyerMaker":true,"isBestMatch":true},{"id":232785035,"price":"2.30700000","qty":"63.46000000","quoteQty":"146.40222000","time":1775308273690,"isBuyerMaker":true,"isBestMatch":true},{"id":232785036,"price":"2.30700000","qty":"74.96000000","quoteQty":"172.93272000","time":1775308273691,"isBuyerMaker":true,"isBestMatch":true},{"id":232785037,"price":"2.30700000","qty":"34.64000000","quoteQty":"79.91448000","time":1775308303485,"isBuyerMaker":false,"isBestMatch":true},{"id":232785038,"price":"2.30700000","qty":"164.78000000","quoteQty":"380.14746000","time":1775308303485,"isBuyerMaker":false,"isBestMatch":true},{"id":232785039,"price":"2.30700000","qty":"235.33000000","quoteQty":"542.90631000","time":1775308303485,"isBuyerMaker":false,"isBestMatch":true},{"id":232785040,"price":"2.30700000","qty":"112.50000000","quoteQty":"259.53750000","time":1775308303485,"isBuyerMaker":false,"isBestMatch":true},{"id":232785041,"price":"2.30700000","qty":"15.00000000","quoteQty":"34.60500000","time":1775308303485,"isBuyerMaker":false,"isBestMatch":true},{"id":232785042,"price":"2.30700000","qty":"17.71000000","quoteQty":"40.85697000","time":1775308303485,"isBuyerMaker":false,"isBestMatch":true},{"id":232785043,"price":"2.30700000","qty":"26.96000000","quoteQty":"62.19672000","time":1775308329597,"isBuyerMaker":true,"isBestMatch":true},{"id":232785044,"price":"2.30700000","qty":"335.01000000","quoteQty":"772.86807000","time":1775308360037,"isBuyerMaker":true,"isBestMatch":true},{"id":232785045,"price":"2.30800000","qty":"3.26000000","quoteQty":"7.52408000","time":1775308411405,"isBuyerMaker":false,"isBestMatch":true},{"id":232785046,"price":"2.30800000","qty":"3.26000000","quoteQty":"7.52408000","time":1775308411405,"isBuyerMaker":false,"isBestMatch":true},{"id":232785047,"price":"2.30800000","qty":"4.34000000","quoteQty":"10.01672000","time":1775308411405,"isBuyerMaker":false,"isBestMatch":true},{"id":232785048,"price":"2.30800000","qty":"15.00000000","quoteQty":"34.62000000","time":1775308411405,"isBuyerMaker":false,"isBestMatch":true},{"id":232785049,"price":"2.30800000","qty":"83.72000000","quoteQty":"193.22576000","time":1775308411405,"isBuyerMaker":false,"isBestMatch":true},{"id":232785050,"price":"2.30800000","qty":"32.97000000","quoteQty":"76.09476000","time":1775308411412,"isBuyerMaker":false,"isBestMatch":true},{"id":232785051,"price":"2.30900000","qty":"3.26000000","quoteQty":"7.52734000","time":1775308430823,"isBuyerMaker":false,"isBestMatch":true},{"id":232785052,"price":"2.30900000","qty":"4.34000000","quoteQty":"10.02106000","time":1775308430823,"isBuyerMaker":false,"isBestMatch":true},{"id":232785053,"price":"2.30900000","qty":"14.27000000","quoteQty":"32.94943000","time":1775308430823,"isBuyerMaker":false,"isBestMatch":true},{"id":232785054,"price":"2.30900000","qty":"15.00000000","quoteQty":"34.63500000","time":1775308430823,"isBuyerMaker":false,"isBestMatch":true},{"id":232785055,"price":"2.30900000","qty":"46.68000000","quoteQty":"107.78412000","time":1775308430823,"isBuyerMaker":false,"isBestMatch":true},{"id":232785056,"price":"2.31000000","qty":"4.34000000","quoteQty":"10.02540000","time":1775308443400,"isBuyerMaker":false,"isBestMatch":true},{"id":232785057,"price":"2.31000000","qty":"3.25000000","quoteQty":"7.50750000","time":1775308443400,"isBuyerMaker":false,"isBestMatch":true},{"id":232785058,"price":"2.31000000","qty":"15.00000000","quoteQty":"34.65000000","time":1775308443400,"isBuyerMaker":false,"isBestMatch":true},{"id":232785059,"price":"2.31000000","qty":"18.67000000","quoteQty":"43.12770000","time":1775308443400,"isBuyerMaker":false,"isBestMatch":true},{"id":232785060,"price":"2.31000000","qty":"36.41000000","quoteQty":"84.10710000","time":1775308443400,"isBuyerMaker":false,"isBestMatch":true},{"id":232785061,"price":"2.31000000","qty":"179.21000000","quoteQty":"413.97510000","time":1775308443400,"isBuyerMaker":false,"isBestMatch":true},{"id":232785062,"price":"2.31100000","qty":"4.34000000","quoteQty":"10.02974000","time":1775308443609,"isBuyerMaker":false,"isBestMatch":true},{"id":232785063,"price":"2.31100000","qty":"3.25000000","quoteQty":"7.51075000","time":1775308443609,"isBuyerMaker":false,"isBestMatch":true},{"id":232785064,"price":"2.31100000","qty":"15.00000000","quoteQty":"34.66500000","time":1775308443609,"isBuyerMaker":false,"isBestMatch":true},{"id":232785065,"price":"2.31100000","qty":"7.47000000","quoteQty":"17.26317000","time":1775308443609,"isBuyerMaker":false,"isBestMatch":true},{"id":232785066,"price":"2.31100000","qty":"112.50000000","quoteQty":"259.98750000","time":1775308443967,"isBuyerMaker":true,"isBestMatch":true},{"id":232785067,"price":"2.31100000","qty":"20.50000000","quoteQty":"47.37550000","time":1775308443967,"isBuyerMaker":true,"isBestMatch":true},{"id":232785068,"price":"2.31100000","qty":"48.12000000","quoteQty":"111.20532000","time":1775308443967,"isBuyerMaker":true,"isBestMatch":true},{"id":232785069,"price":"2.31100000","qty":"54.46000000","quoteQty":"125.85706000","time":1775308459016,"isBuyerMaker":true,"isBestMatch":true},{"id":232785070,"price":"2.31100000","qty":"118.58000000","quoteQty":"274.03838000","time":1775308459016,"isBuyerMaker":true,"isBestMatch":true},{"id":232785071,"price":"2.31100000","qty":"116.83000000","quoteQty":"269.99413000","time":1775308459016,"isBuyerMaker":true,"isBestMatch":true},{"id":232785072,"price":"2.31100000","qty":"34.64000000","quoteQty":"80.05304000","time":1775308459016,"isBuyerMaker":true,"isBestMatch":true},{"id":232785073,"price":"2.31100000","qty":"154.63000000","quoteQty":"357.34993000","time":1775308459016,"isBuyerMaker":true,"isBestMatch":true},{"id":232785074,"price":"2.31100000","qty":"18.17000000","quoteQty":"41.99087000","time":1775308459016,"isBuyerMaker":true,"isBestMatch":true},{"id":232785075,"price":"2.31100000","qty":"87.51000000","quoteQty":"202.23561000","time":1775308459016,"isBuyerMaker":true,"isBestMatch":true},{"id":232785076,"price":"2.31100000","qty":"429.85000000","quoteQty":"993.38335000","time":1775308459019,"isBuyerMaker":true,"isBestMatch":true},{"id":232785077,"price":"2.31100000","qty":"95.77000000","quoteQty":"221.32447000","time":1775308483055,"isBuyerMaker":false,"isBestMatch":true},{"id":232785078,"price":"2.31100000","qty":"32.51000000","quoteQty":"75.13061000","time":1775308491222,"isBuyerMaker":true,"isBestMatch":true},{"id":232785079,"price":"2.31200000","qty":"4.33000000","quoteQty":"10.01096000","time":1775308510285,"isBuyerMaker":false,"isBestMatch":true},{"id":232785080,"price":"2.31200000","qty":"3.25000000","quoteQty":"7.51400000","time":1775308510285,"isBuyerMaker":false,"isBestMatch":true},{"id":232785081,"price":"2.31200000","qty":"14.26000000","quoteQty":"32.96912000","time":1775308510285,"isBuyerMaker":false,"isBestMatch":true},{"id":232785082,"price":"2.31200000","qty":"112.50000000","quoteQty":"260.10000000","time":1775308510285,"isBuyerMaker":false,"isBestMatch":true},{"id":232785083,"price":"2.31200000","qty":"40.35000000","quoteQty":"93.28920000","time":1775308510285,"isBuyerMaker":false,"isBestMatch":true},{"id":232785084,"price":"2.31200000","qty":"134.86000000","quoteQty":"311.79632000","time":1775308510599,"isBuyerMaker":false,"isBestMatch":true},{"id":232785085,"price":"2.31200000","qty":"15.00000000","quoteQty":"34.68000000","time":1775308510599,"isBuyerMaker":false,"isBestMatch":true},{"id":232785086,"price":"2.31200000","qty":"38.30000000","quoteQty":"88.54960000","time":1775308510599,"isBuyerMaker":false,"isBestMatch":true},{"id":232785087,"price":"2.31200000","qty":"207.09000000","quoteQty":"478.79208000","time":1775308510599,"isBuyerMaker":false,"isBestMatch":true},{"id":232785088,"price":"2.31200000","qty":"348.64000000","quoteQty":"806.05568000","time":1775308510599,"isBuyerMaker":false,"isBestMatch":true},{"id":232785089,"price":"2.31300000","qty":"7.78000000","quoteQty":"17.99514000","time":1775308514859,"isBuyerMaker":false,"isBestMatch":true},{"id":232785090,"price":"2.31200000","qty":"8.65000000","quoteQty":"19.99880000","time":1775308589271,"isBuyerMaker":false,"isBestMatch":true},{"id":232785091,"price":"2.31100000","qty":"49.10000000","quoteQty":"113.47010000","time":1775308598492,"isBuyerMaker":true,"isBestMatch":true},{"id":232785092,"price":"2.31100000","qty":"53.48000000","quoteQty":"123.59228000","time":1775308602717,"isBuyerMaker":true,"isBestMatch":true},{"id":232785093,"price":"2.31100000","qty":"148.55000000","quoteQty":"343.29905000","time":1775308602717,"isBuyerMaker":true,"isBestMatch":true},{"id":232785094,"price":"2.31100000","qty":"4.33000000","quoteQty":"10.00663000","time":1775308602717,"isBuyerMaker":true,"isBestMatch":true},{"id":232785095,"price":"2.31100000","qty":"43.05000000","quoteQty":"99.48855000","time":1775308602717,"isBuyerMaker":true,"isBestMatch":true},{"id":232785096,"price":"2.31100000","qty":"42.81000000","quoteQty":"98.93391000","time":1775308602717,"isBuyerMaker":true,"isBestMatch":true},{"id":232785097,"price":"2.31100000","qty":"14.55000000","quoteQty":"33.62505000","time":1775308637319,"isBuyerMaker":false,"isBestMatch":true},{"id":232785098,"price":"2.31100000","qty":"3.70000000","quoteQty":"8.55070000","time":1775308656474,"isBuyerMaker":false,"isBestMatch":true},{"id":232785099,"price":"2.31000000","qty":"236.81000000","quoteQty":"547.03110000","time":1775308674527,"isBuyerMaker":true,"isBestMatch":true},{"id":232785100,"price":"2.31000000","qty":"112.50000000","quoteQty":"259.87500000","time":1775308674527,"isBuyerMaker":true,"isBestMatch":true},{"id":232785101,"price":"2.31000000","qty":"4.34000000","quoteQty":"10.02540000","time":1775308674527,"isBuyerMaker":true,"isBestMatch":true},{"id":232785102,"price":"2.31000000","qty":"3.25000000","quoteQty":"7.50750000","time":1775308674527,"isBuyerMaker":true,"isBestMatch":true},{"id":232785103,"price":"2.31000000","qty":"3.25000000","quoteQty":"7.50750000","time":1775308674527,"isBuyerMaker":true,"isBestMatch":true},{"id":232785104,"price":"2.31000000","qty":"167.19000000","quoteQty":"386.20890000","time":1775308674527,"isBuyerMaker":true,"isBestMatch":true},{"id":232785105,"price":"2.31000000","qty":"2.91000000","quoteQty":"6.72210000","time":1775308674527,"isBuyerMaker":true,"isBestMatch":true},{"id":232785106,"price":"2.30900000","qty":"4.97000000","quoteQty":"11.47573000","time":1775308726740,"isBuyerMaker":true,"isBestMatch":true},{"id":232785107,"price":"2.30900000","qty":"127.05000000","quoteQty":"293.35845000","time":1775308727817,"isBuyerMaker":true,"isBestMatch":true},{"id":232785108,"price":"2.30900000","qty":"3.19000000","quoteQty":"7.36571000","time":1775308733633,"isBuyerMaker":true,"isBestMatch":true},{"id":232785109,"price":"2.30900000","qty":"7.78000000","quoteQty":"17.96402000","time":1775308736132,"isBuyerMaker":true,"isBestMatch":true},{"id":232785110,"price":"2.30900000","qty":"145.36000000","quoteQty":"335.63624000","time":1775308737114,"isBuyerMaker":true,"isBestMatch":true},{"id":232785111,"price":"2.30900000","qty":"34.64000000","quoteQty":"79.98376000","time":1775308737114,"isBuyerMaker":true,"isBestMatch":true},{"id":232785112,"price":"2.30900000","qty":"3.25000000","quoteQty":"7.50425000","time":1775308737114,"isBuyerMaker":true,"isBestMatch":true},{"id":232785113,"price":"2.30900000","qty":"3.25000000","quoteQty":"7.50425000","time":1775308737114,"isBuyerMaker":true,"isBestMatch":true},{"id":232785114,"price":"2.30900000","qty":"176.30000000","quoteQty":"407.07670000","time":1775308737114,"isBuyerMaker":true,"isBestMatch":true},{"id":232785115,"price":"2.30800000","qty":"43.10000000","quoteQty":"99.47480000","time":1775308737263,"isBuyerMaker":true,"isBestMatch":true},{"id":232785116,"price":"2.30800000","qty":"2.21000000","quoteQty":"5.10068000","time":1775308751075,"isBuyerMaker":true,"isBestMatch":true},{"id":232785117,"price":"2.30900000","qty":"66.89000000","quoteQty":"154.44901000","time":1775308822504,"isBuyerMaker":false,"isBestMatch":true},{"id":232785118,"price":"2.30900000","qty":"45.45000000","quoteQty":"104.94405000","time":1775308822504,"isBuyerMaker":false,"isBestMatch":true},{"id":232785119,"price":"2.30900000","qty":"0.16000000","quoteQty":"0.36944000","time":1775308822504,"isBuyerMaker":false,"isBestMatch":true},{"id":232785120,"price":"2.30900000","qty":"146.29000000","quoteQty":"337.78361000","time":1775308822504,"isBuyerMaker":false,"isBestMatch":true},{"id":232785121,"price":"2.30900000","qty":"15.00000000","quoteQty":"34.63500000","time":1775308822504,"isBuyerMaker":false,"isBestMatch":true},{"id":232785122,"price":"2.30900000","qty":"13.63000000","quoteQty":"31.47167000","time":1775308822504,"isBuyerMaker":false,"isBestMatch":true},{"id":232785123,"price":"2.30900000","qty":"5.42000000","quoteQty":"12.51478000","time":1775308822504,"isBuyerMaker":false,"isBestMatch":true},{"id":232785124,"price":"2.30900000","qty":"43.04000000","quoteQty":"99.37936000","time":1775308822504,"isBuyerMaker":false,"isBestMatch":true},{"id":232785125,"price":"2.31000000","qty":"3.25000000","quoteQty":"7.50750000","time":1775308841025,"isBuyerMaker":false,"isBestMatch":true}