[{"id":11428732,"price":"0.00003330","qty":"37.12000000","quoteQty":"0.00123609","time":1774879851306,"isBuyerMaker":true,"isBestMatch":true},{"id":11428733,"price":"0.00003330","qty":"37.12000000","quoteQty":"0.00123609","time":1774880546691,"isBuyerMaker":false,"isBestMatch":true},{"id":11428734,"price":"0.00003330","qty":"8.79000000","quoteQty":"0.00029270","time":1774881358278,"isBuyerMaker":true,"isBestMatch":true},{"id":11428735,"price":"0.00003330","qty":"28.33000000","quoteQty":"0.00094338","time":1774881358444,"isBuyerMaker":true,"isBestMatch":true},{"id":11428736,"price":"0.00003330","qty":"37.12000000","quoteQty":"0.00123609","time":1774881383332,"isBuyerMaker":true,"isBestMatch":true},{"id":11428737,"price":"0.00003330","qty":"24.92000000","quoteQty":"0.00082983","time":1774881424897,"isBuyerMaker":false,"isBestMatch":true},{"id":11428738,"price":"0.00003330","qty":"28.68000000","quoteQty":"0.00095504","time":1774881506665,"isBuyerMaker":true,"isBestMatch":true},{"id":11428739,"price":"0.00003330","qty":"8.44000000","quoteQty":"0.00028105","time":1774881506666,"isBuyerMaker":true,"isBestMatch":true},{"id":11428740,"price":"0.00003330","qty":"13.44000000","quoteQty":"0.00044755","time":1774882604642,"isBuyerMaker":true,"isBestMatch":true},{"id":11428741,"price":"0.00003330","qty":"13.44000000","quoteQty":"0.00044755","time":1774882604642,"isBuyerMaker":true,"isBestMatch":true},{"id":11428742,"price":"0.00003320","qty":"37.12000000","quoteQty":"0.00123238","time":1774882721771,"isBuyerMaker":true,"isBestMatch":true},{"id":11428743,"price":"0.00003320","qty":"352.11000000","quoteQty":"0.01169005","time":1774882721771,"isBuyerMaker":true,"isBestMatch":true},{"id":11428744,"price":"0.00003350","qty":"81.00000000","quoteQty":"0.00271350","time":1774885335556,"isBuyerMaker":false,"isBestMatch":true},{"id":11428745,"price":"0.00003350","qty":"1.89000000","quoteQty":"0.00006331","time":1774885748294,"isBuyerMaker":false,"isBestMatch":true},{"id":11428746,"price":"0.00003370","qty":"37.12000000","quoteQty":"0.00125094","time":1774889379274,"isBuyerMaker":false,"isBestMatch":true},{"id":11428747,"price":"0.00003370","qty":"17.17000000","quoteQty":"0.00057862","time":1774889379274,"isBuyerMaker":false,"isBestMatch":true},{"id":11428748,"price":"0.00003370","qty":"3.26000000","quoteQty":"0.00010986","time":1774889379274,"isBuyerMaker":false,"isBestMatch":true},{"id":11428749,"price":"0.00003370","qty":"7.90000000","quoteQty":"0.00026623","time":1774891749313,"isBuyerMaker":true,"isBestMatch":true},{"id":11428750,"price":"0.00003370","qty":"7.90000000","quoteQty":"0.00026623","time":1774891749314,"isBuyerMaker":true,"isBestMatch":true},{"id":11428751,"price":"0.00003370","qty":"7.90000000","quoteQty":"0.00026623","time":1774891749526,"isBuyerMaker":true,"isBestMatch":true},{"id":11428752,"price":"0.00003380","qty":"37.12000000","quoteQty":"0.00125465","time":1774892945905,"isBuyerMaker":true,"isBestMatch":true},{"id":11428753,"price":"0.00003370","qty":"13.42000000","quoteQty":"0.00045225","time":1774894079100,"isBuyerMaker":true,"isBestMatch":true},{"id":11428754,"price":"0.00003360","qty":"13.35000000","quoteQty":"0.00044856","time":1774894977375,"isBuyerMaker":true,"isBestMatch":true},{"id":11428755,"price":"0.00003360","qty":"13.35000000","quoteQty":"0.00044856","time":1774894977375,"isBuyerMaker":true,"isBestMatch":true},{"id":11428756,"price":"0.00003360","qty":"10.42000000","quoteQty":"0.00035011","time":1774894977375,"isBuyerMaker":true,"isBestMatch":true},{"id":11428757,"price":"0.00003360","qty":"37.12000000","quoteQty":"0.00124723","time":1774895202117,"isBuyerMaker":true,"isBestMatch":true},{"id":11428758,"price":"0.00003360","qty":"6.09000000","quoteQty":"0.00020462","time":1774895254371,"isBuyerMaker":false,"isBestMatch":true},{"id":11428759,"price":"0.00003360","qty":"37.12000000","quoteQty":"0.00124723","time":1774896396053,"isBuyerMaker":true,"isBestMatch":true},{"id":11428760,"price":"0.00003350","qty":"8.76000000","quoteQty":"0.00029346","time":1774897208670,"isBuyerMaker":true,"isBestMatch":true},{"id":11428761,"price":"0.00003350","qty":"28.36000000","quoteQty":"0.00095006","time":1774897208670,"isBuyerMaker":true,"isBestMatch":true},{"id":11428762,"price":"0.00003350","qty":"16.47000000","quoteQty":"0.00055174","time":1774897208943,"isBuyerMaker":false,"isBestMatch":true},{"id":11428763,"price":"0.00003350","qty":"37.12000000","quoteQty":"0.00124352","time":1774898186988,"isBuyerMaker":true,"isBestMatch":true},{"id":11428764,"price":"0.00003340","qty":"37.12000000","quoteQty":"0.00123980","time":1774898699456,"isBuyerMaker":true,"isBestMatch":true},{"id":11428765,"price":"0.00003340","qty":"8.88000000","quoteQty":"0.00029659","time":1774898699456,"isBuyerMaker":true,"isBestMatch":true},{"id":11428766,"price":"0.00003340","qty":"210.97000000","quoteQty":"0.00704639","time":1774898699456,"isBuyerMaker":true,"isBestMatch":true},{"id":11428767,"price":"0.00003340","qty":"348.16000000","quoteQty":"0.01162854","time":1774898699456,"isBuyerMaker":true,"isBestMatch":true},{"id":11428768,"price":"0.00003340","qty":"80.09000000","quoteQty":"0.00267500","time":1774898701980,"isBuyerMaker":true,"isBestMatch":true},{"id":11428769,"price":"0.00003340","qty":"107.04000000","quoteQty":"0.00357513","time":1774898701980,"isBuyerMaker":true,"isBestMatch":true},{"id":11428770,"price":"0.00003340","qty":"30.94000000","quoteQty":"0.00103339","time":1774898708274,"isBuyerMaker":true,"isBestMatch":true},{"id":11428771,"price":"0.00003340","qty":"39.85000000","quoteQty":"0.00133099","time":1774898711125,"isBuyerMaker":true,"isBestMatch":true},{"id":11428772,"price":"0.00003340","qty":"36.26000000","quoteQty":"0.00121108","time":1774898713399,"isBuyerMaker":true,"isBestMatch":true},{"id":11428773,"price":"0.00003340","qty":"56.28000000","quoteQty":"0.00187975","time":1774898784597,"isBuyerMaker":true,"isBestMatch":true},{"id":11428774,"price":"0.00003350","qty":"7.35000000","quoteQty":"0.00024622","time":1774899861522,"isBuyerMaker":true,"isBestMatch":true},{"id":11428775,"price":"0.00003350","qty":"7.35000000","quoteQty":"0.00024622","time":1774899861523,"isBuyerMaker":true,"isBestMatch":true},{"id":11428776,"price":"0.00003350","qty":"20.46000000","quoteQty":"0.00068541","time":1774901791471,"isBuyerMaker":true,"isBestMatch":true},{"id":11428777,"price":"0.00003350","qty":"16.66000000","quoteQty":"0.00055811","time":1774901791473,"isBuyerMaker":true,"isBestMatch":true},{"id":11428778,"price":"0.00003360","qty":"35.50000000","quoteQty":"0.00119280","time":1774905809579,"isBuyerMaker":false,"isBestMatch":true},{"id":11428779,"price":"0.00003360","qty":"1.62000000","quoteQty":"0.00005443","time":1774905809579,"isBuyerMaker":false,"isBestMatch":true},{"id":11428780,"price":"0.00003360","qty":"16.15000000","quoteQty":"0.00054264","time":1774905898728,"isBuyerMaker":true,"isBestMatch":true},{"id":11428781,"price":"0.00003360","qty":"37.12000000","quoteQty":"0.00124723","time":1774911737758,"isBuyerMaker":true,"isBestMatch":true},{"id":11428782,"price":"0.00003360","qty":"37.12000000","quoteQty":"0.00124723","time":1774911949354,"isBuyerMaker":true,"isBestMatch":true},{"id":11428783,"price":"0.00003360","qty":"37.12000000","quoteQty":"0.00124723","time":1774911949451,"isBuyerMaker":true,"isBestMatch":true},{"id":11428784,"price":"0.00003360","qty":"37.12000000","quoteQty":"0.00124723","time":1774911949580,"isBuyerMaker":true,"isBestMatch":true},{"id":11428785,"price":"0.00003360","qty":"37.12000000","quoteQty":"0.00124723","time":1774912056659,"isBuyerMaker":true,"isBestMatch":true},{"id":11428786,"price":"0.00003360","qty":"37.12000000","quoteQty":"0.00124723","time":1774912056662,"isBuyerMaker":true,"isBestMatch":true},{"id":11428787,"price":"0.00003360","qty":"37.12000000","quoteQty":"0.00124723","time":1774912056751,"isBuyerMaker":true,"isBestMatch":true},{"id":11428788,"price":"0.00003360","qty":"37.12000000","quoteQty":"0.00124723","time":1774912056851,"isBuyerMaker":true,"isBestMatch":true},{"id":11428789,"price":"0.00003360","qty":"37.12000000","quoteQty":"0.00124723","time":1774912057736,"isBuyerMaker":true,"isBestMatch":true},{"id":11428790,"price":"0.00003360","qty":"14.76000000","quoteQty":"0.00049593","time":1774912061670,"isBuyerMaker":true,"isBestMatch":true},{"id":11428791,"price":"0.00003360","qty":"14.76000000","quoteQty":"0.00049593","time":1774912061670,"isBuyerMaker":true,"isBestMatch":true},{"id":11428792,"price":"0.00003360","qty":"7.60000000","quoteQty":"0.00025536","time":1774912061752,"isBuyerMaker":true,"isBestMatch":true},{"id":11428793,"price":"0.00003360","qty":"37.12000000","quoteQty":"0.00124723","time":1774912761554,"isBuyerMaker":false,"isBestMatch":true},{"id":11428794,"price":"0.00003360","qty":"18.27000000","quoteQty":"0.00061387","time":1774913693423,"isBuyerMaker":false,"isBestMatch":true},{"id":11428795,"price":"0.00003360","qty":"18.27000000","quoteQty":"0.00061387","time":1774913693423,"isBuyerMaker":false,"isBestMatch":true},{"id":11428796,"price":"0.00003360","qty":"0.58000000","quoteQty":"0.00001948","time":1774913693423,"isBuyerMaker":false,"isBestMatch":true},{"id":11428797,"price":"0.00003370","qty":"37.12000000","quoteQty":"0.00125094","time":1774916332240,"isBuyerMaker":true,"isBestMatch":true},{"id":11428798,"price":"0.00003370","qty":"37.12000000","quoteQty":"0.00125094","time":1774916627792,"isBuyerMaker":true,"isBestMatch":true},{"id":11428799,"price":"0.00003370","qty":"37.12000000","quoteQty":"0.00125094","time":1774916778856,"isBuyerMaker":true,"isBestMatch":true},{"id":11428800,"price":"0.00003360","qty":"37.12000000","quoteQty":"0.00124723","time":1774917330775,"isBuyerMaker":true,"isBestMatch":true},{"id":11428801,"price":"0.00003360","qty":"37.12000000","quoteQty":"0.00124723","time":1774920068909,"isBuyerMaker":false,"isBestMatch":true},{"id":11428802,"price":"0.00003360","qty":"92.62000000","quoteQty":"0.00311203","time":1774920068909,"isBuyerMaker":false,"isBestMatch":true},{"id":11428803,"price":"0.00003350","qty":"21.71000000","quoteQty":"0.00072728","time":1774920192046,"isBuyerMaker":true,"isBestMatch":true},{"id":11428804,"price":"0.00003360","qty":"356.11000000","quoteQty":"0.01196529","time":1774920464158,"isBuyerMaker":false,"isBestMatch":true},{"id":11428805,"price":"0.00003360","qty":"37.12000000","quoteQty":"0.00124723","time":1774920464158,"isBuyerMaker":false,"isBestMatch":true},{"id":11428806,"price":"0.00003360","qty":"90.07000000","quoteQty":"0.00302635","time":1774920464158,"isBuyerMaker":false,"isBestMatch":true},{"id":11428807,"price":"0.00003360","qty":"131.31000000","quoteQty":"0.00441201","time":1774920464158,"isBuyerMaker":false,"isBestMatch":true},{"id":11428808,"price":"0.00003360","qty":"213.62000000","quoteQty":"0.00717763","time":1774920464158,"isBuyerMaker":false,"isBestMatch":true},{"id":11428809,"price":"0.00003360","qty":"421.54000000","quoteQty":"0.01416374","time":1774920471767,"isBuyerMaker":false,"isBestMatch":true},{"id":11428810,"price":"0.00003360","qty":"61.76000000","quoteQty":"0.00207513","time":1774920471767,"isBuyerMaker":false,"isBestMatch":true},{"id":11428811,"price":"0.00003360","qty":"21.46000000","quoteQty":"0.00072105","time":1774920471767,"isBuyerMaker":false,"isBestMatch":true},{"id":11428812,"price":"0.00003370","qty":"18.62000000","quoteQty":"0.00062749","time":1774920479633,"isBuyerMaker":true,"isBestMatch":true},{"id":11428813,"price":"0.00003370","qty":"165.00000000","quoteQty":"0.00556050","time":1774920479635,"isBuyerMaker":true,"isBestMatch":true},{"id":11428814,"price":"0.00003370","qty":"37.12000000","quoteQty":"0.00125094","time":1774920496836,"isBuyerMaker":false,"isBestMatch":true},{"id":11428815,"price":"0.00003360","qty":"58.62000000","quoteQty":"0.00196963","time":1774920614770,"isBuyerMaker":true,"isBestMatch":true},{"id":11428816,"price":"0.00003360","qty":"93.90000000","quoteQty":"0.00315504","time":1774920614770,"isBuyerMaker":true,"isBestMatch":true},{"id":11428817,"price":"0.00003360","qty":"263.18000000","quoteQty":"0.00884284","time":1774920614824,"isBuyerMaker":true,"isBestMatch":true},{"id":11428818,"price":"0.00003340","qty":"9.34000000","quoteQty":"0.00031195","time":1774920845127,"isBuyerMaker":false,"isBestMatch":true},{"id":11428819,"price":"0.00003340","qty":"5.32000000","quoteQty":"0.00017768","time":1774920845127,"isBuyerMaker":false,"isBestMatch":true},{"id":11428820,"price":"0.00003340","qty":"59.82000000","quoteQty":"0.00199798","time":1774920873742,"isBuyerMaker":false,"isBestMatch":true},{"id":11428821,"price":"0.00003340","qty":"37.12000000","quoteQty":"0.00123980","time":1774924465376,"isBuyerMaker":false,"isBestMatch":true},{"id":11428822,"price":"0.00003340","qty":"37.12000000","quoteQty":"0.00123980","time":1774924475696,"isBuyerMaker":true,"isBestMatch":true},{"id":11428823,"price":"0.00003330","qty":"4.00000000","quoteQty":"0.00013320","time":1774926215141,"isBuyerMaker":true,"isBestMatch":true},{"id":11428824,"price":"0.00003330","qty":"16.43000000","quoteQty":"0.00054711","time":1774927267573,"isBuyerMaker":true,"isBestMatch":true},{"id":11428825,"price":"0.00003330","qty":"52.34000000","quoteQty":"0.00174292","time":1774927267573,"isBuyerMaker":true,"isBestMatch":true},{"id":11428826,"price":"0.00003330","qty":"97.66000000","quoteQty":"0.00325207","time":1774927267573,"isBuyerMaker":true,"isBestMatch":true},{"id":11428827,"price":"0.00003330","qty":"37.12000000","quoteQty":"0.00123609","time":1774927267573,"isBuyerMaker":true,"isBestMatch":true},{"id":11428828,"price":"0.00003340","qty":"37.12000000","quoteQty":"0.00123980","time":1774928776709,"isBuyerMaker":false,"isBestMatch":true},{"id":11428829,"price":"0.00003340","qty":"18.55000000","quoteQty":"0.00061957","time":1774928776806,"isBuyerMaker":false,"isBestMatch":true},{"id":11428830,"price":"0.00003340","qty":"18.55000000","quoteQty":"0.00061957","time":1774928776806,"isBuyerMaker":false,"isBestMatch":true},{"id":11428831,"price":"0.00003340","qty":"37.12000000","quoteQty":"0.00123980","time":1774928898121,"isBuyerMaker":false,"isBestMatch":true},{"id":11428832,"price":"0.00003350","qty":"37.12000000","quoteQty":"0.00124352","time":1774929742204,"isBuyerMaker":false,"isBestMatch":true},{"id":11428833,"price":"0.00003350","qty":"37.12000000","quoteQty":"0.00124352","time":1774930194951,"isBuyerMaker":false,"isBestMatch":true},{"id":11428834,"price":"0.00003350","qty":"9.53000000","quoteQty":"0.00031925","time":1774930194965,"isBuyerMaker":false,"isBestMatch":true},{"id":11428835,"price":"0.00003350","qty":"18.53000000","quoteQty":"0.00062075","time":1774930327258,"isBuyerMaker":false,"isBestMatch":true},{"id":11428836,"price":"0.00003350","qty":"18.53000000","quoteQty":"0.00062075","time":1774930327258,"isBuyerMaker":false,"isBestMatch":true},{"id":11428837,"price":"0.00003350","qty":"0.06000000","quoteQty":"0.00000201","time":1774930327258,"isBuyerMaker":false,"isBestMatch":true},{"id":11428838,"price":"0.00003350","qty":"37.12000000","quoteQty":"0.00124352","time":1774930831733,"isBuyerMaker":true,"isBestMatch":true},{"id":11428839,"price":"0.00003350","qty":"37.12000000","quoteQty":"0.00124352","time":1774930876602,"isBuyerMaker":false,"isBestMatch":true},{"id":11428840,"price":"0.00003340","qty":"20.17000000","quoteQty":"0.00067367","time":1774932462978,"isBuyerMaker":true,"isBestMatch":true},{"id":11428841,"price":"0.00003350","qty":"37.12000000","quoteQty":"0.00124352","time":1774933083177,"isBuyerMaker":false,"isBestMatch":true},{"id":11428842,"price":"0.00003350","qty":"26.89000000","quoteQty":"0.00090081","time":1774933083177,"isBuyerMaker":false,"isBestMatch":true},{"id":11428843,"price":"0.00003350","qty":"37.12000000","quoteQty":"0.00124352","time":1774933803763,"isBuyerMaker":false,"isBestMatch":true},{"id":11428844,"price":"0.00003350","qty":"37.10000000","quoteQty":"0.00124285","time":1774935014846,"isBuyerMaker":true,"isBestMatch":true},{"id":11428845,"price":"0.00003350","qty":"0.02000000","quoteQty":"0.00000067","time":1774935014846,"isBuyerMaker":true,"isBestMatch":true},{"id":11428846,"price":"0.00003350","qty":"37.12000000","quoteQty":"0.00124352","time":1774936978903,"isBuyerMaker":false,"isBestMatch":true},{"id":11428847,"price":"0.00003360","qty":"37.12000000","quoteQty":"0.00124723","time":1774937401090,"isBuyerMaker":false,"isBestMatch":true},{"id":11428848,"price":"0.00003370","qty":"37.12000000","quoteQty":"0.00125094","time":1774940111762,"isBuyerMaker":false,"isBestMatch":true},{"id":11428849,"price":"0.00003370","qty":"20.43000000","quoteQty":"0.00068849","time":1774940111762,"isBuyerMaker":false,"isBestMatch":true},{"id":11428850,"price":"0.00003370","qty":"4.55000000","quoteQty":"0.00015333","time":1774940832586,"isBuyerMaker":true,"isBestMatch":true},{"id":11428851,"price":"0.00003370","qty":"32.14000000","quoteQty":"0.00108311","time":1774940868246,"isBuyerMaker":true,"isBestMatch":true},{"id":11428852,"price":"0.00003370","qty":"0.43000000","quoteQty":"0.00001449","time":1774940868246,"isBuyerMaker":true,"isBestMatch":true},{"id":11428853,"price":"0.00003370","qty":"32.58000000","quoteQty":"0.00109794","time":1774940934198,"isBuyerMaker":false,"isBestMatch":true},{"id":11428854,"price":"0.00003390","qty":"33.46000000","quoteQty":"0.00113429","time":1774943857560,"isBuyerMaker":false,"isBestMatch":true},{"id":11428855,"price":"0.00003390","qty":"6.81000000","quoteQty":"0.00023085","time":1774943857560,"isBuyerMaker":false,"isBestMatch":true},{"id":11428856,"price":"0.00003390","qty":"34.77000000","quoteQty":"0.00117870","time":1774943857560,"isBuyerMaker":false,"isBestMatch":true},{"id":11428857,"price":"0.00003390","qty":"2.35000000","quoteQty":"0.00007966","time":1774943861089,"isBuyerMaker":false,"isBestMatch":true},{"id":11428858,"price":"0.00003390","qty":"18.41000000","quoteQty":"0.00062409","time":1774945889917,"isBuyerMaker":false,"isBestMatch":true},{"id":11428859,"price":"0.00003390","qty":"18.41000000","quoteQty":"0.00062409","time":1774945889917,"isBuyerMaker":false,"isBestMatch":true},{"id":11428860,"price":"0.00003390","qty":"0.30000000","quoteQty":"0.00001017","time":1774945889917,"isBuyerMaker":false,"isBestMatch":true},{"id":11428861,"price":"0.00003390","qty":"12.15000000","quoteQty":"0.00041188","time":1774945941092,"isBuyerMaker":true,"isBestMatch":true},{"id":11428862,"price":"0.00003380","qty":"36.70000000","quoteQty":"0.00124046","time":1774946612023,"isBuyerMaker":true,"isBestMatch":true},{"id":11428863,"price":"0.00003380","qty":"0.42000000","quoteQty":"0.00001419","time":1774946612023,"isBuyerMaker":true,"isBestMatch":true},{"id":11428864,"price":"0.00003380","qty":"37.14000000","quoteQty":"0.00125533","time":1774946658824,"isBuyerMaker":false,"isBestMatch":true},{"id":11428865,"price":"0.00003380","qty":"3.98000000","quoteQty":"0.00013452","time":1774947616987,"isBuyerMaker":true,"isBestMatch":true},{"id":11428866,"price":"0.00003380","qty":"33.14000000","quoteQty":"0.00112013","time":1774947617806,"isBuyerMaker":true,"isBestMatch":true},{"id":11428867,"price":"0.00003400","qty":"34.83000000","quoteQty":"0.00118422","time":1774948991151,"isBuyerMaker":false,"isBestMatch":true},{"id":11428868,"price":"0.00003400","qty":"3.07000000","quoteQty":"0.00010438","time":1774948991151,"isBuyerMaker":false,"isBestMatch":true},{"id":11428869,"price":"0.00003400","qty":"7.03000000","quoteQty":"0.00023902","time":1774948991151,"isBuyerMaker":false,"isBestMatch":true},{"id":11428870,"price":"0.00003400","qty":"22.46000000","quoteQty":"0.00076364","time":1774948991151,"isBuyerMaker":false,"isBestMatch":true},{"id":11428871,"price":"0.00003400","qty":"14.66000000","quoteQty":"0.00049844","time":1774948991152,"isBuyerMaker":false,"isBestMatch":true},{"id":11428872,"price":"0.00003400","qty":"14.66000000","quoteQty":"0.00049844","time":1774949103977,"isBuyerMaker":true,"isBestMatch":true},{"id":11428873,"price":"0.00003400","qty":"22.46000000","quoteQty":"0.00076364","time":1774949103977,"isBuyerMaker":true,"isBestMatch":true},{"id":11428874,"price":"0.00003400","qty":"18.14000000","quoteQty":"0.00061676","time":1774949262456,"isBuyerMaker":false,"isBestMatch":true},{"id":11428875,"price":"0.00003390","qty":"9.10000000","quoteQty":"0.00030849","time":1774949467445,"isBuyerMaker":true,"isBestMatch":true},{"id":11428876,"price":"0.00003390","qty":"37.12000000","quoteQty":"0.00125836","time":1774949736271,"isBuyerMaker":true,"isBestMatch":true},{"id":11428877,"price":"0.00003390","qty":"0.02000000","quoteQty":"0.00000067","time":1774949855306,"isBuyerMaker":false,"isBestMatch":true},{"id":11428878,"price":"0.00003400","qty":"37.12000000","quoteQty":"0.00126208","time":1774950346944,"isBuyerMaker":false,"isBestMatch":true},{"id":11428879,"price":"0.00003400","qty":"129.54000000","quoteQty":"0.00440436","time":1774950819886,"isBuyerMaker":true,"isBestMatch":true},{"id":11428880,"price":"0.00003400","qty":"165.00000000","quoteQty":"0.00561000","time":1774950819887,"isBuyerMaker":true,"isBestMatch":true},{"id":11428881,"price":"0.00003400","qty":"115.68000000","quoteQty":"0.00393312","time":1774950819888,"isBuyerMaker":true,"isBestMatch":true},{"id":11428882,"price":"0.00003400","qty":"5.00000000","quoteQty":"0.00017000","time":1774950819888,"isBuyerMaker":true,"isBestMatch":true},{"id":11428883,"price":"0.00003400","qty":"5.00000000","quoteQty":"0.00017000","time":1774950819888,"isBuyerMaker":true,"isBestMatch":true},{"id":11428884,"price":"0.00003400","qty":"117.43000000","quoteQty":"0.00399262","time":1774950819888,"isBuyerMaker":true,"isBestMatch":true},{"id":11428885,"price":"0.00003400","qty":"104.20000000","quoteQty":"0.00354280","time":1774950819958,"isBuyerMaker":true,"isBestMatch":true},{"id":11428886,"price":"0.00003410","qty":"20.43000000","quoteQty":"0.00069666","time":1774951273872,"isBuyerMaker":false,"isBestMatch":true},{"id":11428887,"price":"0.00003410","qty":"18.00000000","quoteQty":"0.00061380","time":1774951274058,"isBuyerMaker":true,"isBestMatch":true},{"id":11428888,"price":"0.00003410","qty":"3.54000000","quoteQty":"0.00012071","time":1774951305712,"isBuyerMaker":true,"isBestMatch":true},{"id":11428889,"price":"0.00003400","qty":"37.12000000","quoteQty":"0.00126208","time":1774952588044,"isBuyerMaker":true,"isBestMatch":true},{"id":11428890,"price":"0.00003400","qty":"22.89000000","quoteQty":"0.00077826","time":1774952603777,"isBuyerMaker":false,"isBestMatch":true},{"id":11428891,"price":"0.00003400","qty":"14.23000000","quoteQty":"0.00048382","time":1774952611580,"isBuyerMaker":false,"isBestMatch":true},{"id":11428892,"price":"0.00003400","qty":"7.89000000","quoteQty":"0.00026826","time":1774952611580,"isBuyerMaker":false,"isBestMatch":true},{"id":11428893,"price":"0.00003400","qty":"22.11000000","quoteQty":"0.00075174","time":1774952616690,"isBuyerMaker":false,"isBestMatch":true},{"id":11428894,"price":"0.00003400","qty":"22.12000000","quoteQty":"0.00075208","time":1774952627753,"isBuyerMaker":false,"isBestMatch":true},{"id":11428895,"price":"0.00003400","qty":"22.11000000","quoteQty":"0.00075174","time":1774952650801,"isBuyerMaker":false,"isBestMatch":true},{"id":11428896,"price":"0.00003400","qty":"12.37000000","quoteQty":"0.00042058","time":1774952685807,"isBuyerMaker":false,"isBestMatch":true},{"id":11428897,"price":"0.00003400","qty":"22.10000000","quoteQty":"0.00075140","time":1774952697767,"isBuyerMaker":false,"isBestMatch":true},{"id":11428898,"price":"0.00003400","qty":"2.65000000","quoteQty":"0.00009010","time":1774952706843,"isBuyerMaker":false,"isBestMatch":true},{"id":11428899,"price":"0.00003400","qty":"19.45000000","quoteQty":"0.00066130","time":1774952706843,"isBuyerMaker":false,"isBestMatch":true},{"id":11428900,"price":"0.00003400","qty":"22.10000000","quoteQty":"0.00075140","time":1774952725704,"isBuyerMaker":false,"isBestMatch":true},{"id":11428901,"price":"0.00003390","qty":"4.21000000","quoteQty":"0.00014271","time":1774953428371,"isBuyerMaker":true,"isBestMatch":true},{"id":11428902,"price":"0.00003390","qty":"32.91000000","quoteQty":"0.00111564","time":1774953947689,"isBuyerMaker":true,"isBestMatch":true},{"id":11428903,"price":"0.00003390","qty":"0.01000000","quoteQty":"0.00000033","time":1774954081365,"isBuyerMaker":false,"isBestMatch":true},{"id":11428904,"price":"0.00003390","qty":"220.93000000","quoteQty":"0.00748952","time":1774954081365,"isBuyerMaker":false,"isBestMatch":true},{"id":11428905,"price":"0.00003390","qty":"2.94000000","quoteQty":"0.00009966","time":1774954467270,"isBuyerMaker":false,"isBestMatch":true},{"id":11428906,"price":"0.00003380","qty":"18.14000000","quoteQty":"0.00061313","time":1774955997040,"isBuyerMaker":false,"isBestMatch":true},{"id":11428907,"price":"0.00003380","qty":"18.14000000","quoteQty":"0.00061313","time":1774955997040,"isBuyerMaker":false,"isBestMatch":true},{"id":11428908,"price":"0.00003380","qty":"0.84000000","quoteQty":"0.00002839","time":1774955997040,"isBuyerMaker":false,"isBestMatch":true},{"id":11428909,"price":"0.00003390","qty":"4.43000000","quoteQty":"0.00015017","time":1774956142631,"isBuyerMaker":false,"isBestMatch":true},{"id":11428910,"price":"0.00003390","qty":"32.69000000","quoteQty":"0.00110819","time":1774957576703,"isBuyerMaker":false,"isBestMatch":true},{"id":11428911,"price":"0.00003390","qty":"37.12000000","quoteQty":"0.00125836","time":1774959563843,"isBuyerMaker":true,"isBestMatch":true},{"id":11428912,"price":"0.00003390","qty":"37.12000000","quoteQty":"0.00125836","time":1774959563946,"isBuyerMaker":true,"isBestMatch":true},{"id":11428913,"price":"0.00003380","qty":"37.12000000","quoteQty":"0.00125465","time":1774960567787,"isBuyerMaker":true,"isBestMatch":true},{"id":11428914,"price":"0.00003380","qty":"13.71000000","quoteQty":"0.00046339","time":1774961279840,"isBuyerMaker":false,"isBestMatch":true},{"id":11428915,"price":"0.00003390","qty":"37.12000000","quoteQty":"0.00125836","time":1774962608390,"isBuyerMaker":false,"isBestMatch":true},{"id":11428916,"price":"0.00003390","qty":"37.12000000","quoteQty":"0.00125836","time":1774962608551,"isBuyerMaker":false,"isBestMatch":true},{"id":11428917,"price":"0.00003390","qty":"37.12000000","quoteQty":"0.00125836","time":1774964029104,"isBuyerMaker":false,"isBestMatch":true},{"id":11428918,"price":"0.00003390","qty":"37.12000000","quoteQty":"0.00125836","time":1774964029133,"isBuyerMaker":false,"isBestMatch":true},{"id":11428919,"price":"0.00003370","qty":"20.43000000","quoteQty":"0.00068849","time":1774966731349,"isBuyerMaker":true,"isBestMatch":true},{"id":11428920,"price":"0.00003370","qty":"24.45000000","quoteQty":"0.00082396","time":1774966731349,"isBuyerMaker":true,"isBestMatch":true},{"id":11428921,"price":"0.00003370","qty":"12.67000000","quoteQty":"0.00042697","time":1774966731350,"isBuyerMaker":true,"isBestMatch":true},{"id":11428922,"price":"0.00003370","qty":"32.05000000","quoteQty":"0.00108008","time":1774966731350,"isBuyerMaker":true,"isBestMatch":true},{"id":11428923,"price":"0.00003370","qty":"44.72000000","quoteQty":"0.00150706","time":1774966731351,"isBuyerMaker":true,"isBestMatch":true},{"id":11428924,"price":"0.00003370","qty":"137.17000000","quoteQty":"0.00462262","time":1774966731353,"isBuyerMaker":true,"isBestMatch":true},{"id":11428925,"price":"0.00003370","qty":"4.72000000","quoteQty":"0.00015906","time":1774966731353,"isBuyerMaker":true,"isBestMatch":true},{"id":11428926,"price":"0.00003370","qty":"4.69000000","quoteQty":"0.00015805","time":1774966731477,"isBuyerMaker":true,"isBestMatch":true},{"id":11428927,"price":"0.00003370","qty":"68.49000000","quoteQty":"0.00230811","time":1774966731478,"isBuyerMaker":true,"isBestMatch":true},{"id":11428928,"price":"0.00003390","qty":"37.11000000","quoteQty":"0.00125802","time":1774970968198,"isBuyerMaker":true,"isBestMatch":true},{"id":11428929,"price":"0.00003390","qty":"0.01000000","quoteQty":"0.00000033","time":1774970968198,"isBuyerMaker":true,"isBestMatch":true},{"id":11428930,"price":"0.00003390","qty":"37.12000000","quoteQty":"0.00125836","time":1774971062962,"isBuyerMaker":true,"isBestMatch":true},{"id":11428931,"price":"0.00003390","qty":"37.12000000","quoteQty":"0.00125836","time":1774972692503,"isBuyerMaker":false,"isBestMatch":true},{"id":11428932,"price":"0.00003400","qty":"29.86000000","quoteQty":"0.00101524","time":1774972930532,"isBuyerMaker":false,"isBestMatch":true},{"id":11428933,"price":"0.00003400","qty":"37.12000000","quoteQty":"0.00126208","time":1774973534522,"isBuyerMaker":false,"isBestMatch":true},{"id":11428934,"price":"0.00003400","qty":"37.12000000","quoteQty":"0.00126208","time":1774973691948,"isBuyerMaker":true,"isBestMatch":true},{"id":11428935,"price":"0.00003400","qty":"42.84000000","quoteQty":"0.00145656","time":1774973691948,"isBuyerMaker":true,"isBestMatch":true},{"id":11428936,"price":"0.00003390","qty":"37.12000000","quoteQty":"0.00125836","time":1774974187613,"isBuyerMaker":true,"isBestMatch":true},{"id":11428937,"price":"0.00003380","qty":"37.12000000","quoteQty":"0.00125465","time":1774975059152,"isBuyerMaker":true,"isBestMatch":true},{"id":11428938,"price":"0.00003370","qty":"12.35000000","quoteQty":"0.00041619","time":1774975229327,"isBuyerMaker":false,"isBestMatch":true},{"id":11428939,"price":"0.00003370","qty":"26.97000000","quoteQty":"0.00090888","time":1774975275406,"isBuyerMaker":false,"isBestMatch":true},{"id":11428940,"price":"0.00003370","qty":"10.15000000","quoteQty":"0.00034205","time":1774975419431,"isBuyerMaker":false,"isBestMatch":true},{"id":11428941,"price":"0.00003380","qty":"37.12000000","quoteQty":"0.00125465","time":1774975642232,"isBuyerMaker":false,"isBestMatch":true},{"id":11428942,"price":"0.00003390","qty":"35.27000000","quoteQty":"0.00119565","time":1774975922581,"isBuyerMaker":false,"isBestMatch":true},{"id":11428943,"price":"0.00003390","qty":"1.85000000","quoteQty":"0.00006271","time":1774975922582,"isBuyerMaker":false,"isBestMatch":true},{"id":11428944,"price":"0.00003390","qty":"37.12000000","quoteQty":"0.00125836","time":1774976460148,"isBuyerMaker":false,"isBestMatch":true},{"id":11428945,"price":"0.00003370","qty":"37.12000000","quoteQty":"0.00125094","time":1774977341175,"isBuyerMaker":false,"isBestMatch":true},{"id":11428946,"price":"0.00003380","qty":"8.74000000","quoteQty":"0.00029541","time":1774977959439,"isBuyerMaker":true,"isBestMatch":true},{"id":11428947,"price":"0.00003390","qty":"37.12000000","quoteQty":"0.00125836","time":1774978620463,"isBuyerMaker":false,"isBestMatch":true},{"id":11428948,"price":"0.00003390","qty":"180.78000000","quoteQty":"0.00612844","time":1774978620463,"isBuyerMaker":false,"isBestMatch":true},{"id":11428949,"price":"0.00003390","qty":"37.12000000","quoteQty":"0.00125836","time":1774978725038,"isBuyerMaker":false,"isBestMatch":true},{"id":11428950,"price":"0.00003390","qty":"16.54000000","quoteQty":"0.00056070","time":1774978738940,"isBuyerMaker":true,"isBestMatch":true},{"id":11428951,"price":"0.00003390","qty":"16.54000000","quoteQty":"0.00056070","time":1774978738940,"isBuyerMaker":true,"isBestMatch":true},{"id":11428952,"price":"0.00003390","qty":"10.69000000","quoteQty":"0.00036239","time":1774978781054,"isBuyerMaker":false,"isBestMatch":true},{"id":11428953,"price":"0.00003380","qty":"28.38000000","quoteQty":"0.00095924","time":1774979119365,"isBuyerMaker":true,"isBestMatch":true},{"id":11428954,"price":"0.00003380","qty":"17.41000000","quoteQty":"0.00058845","time":1774979119365,"isBuyerMaker":true,"isBestMatch":true},{"id":11428955,"price":"0.00003380","qty":"41.38000000","quoteQty":"0.00139864","time":1774979121737,"isBuyerMaker":true,"isBestMatch":true},{"id":11428956,"price":"0.00003380","qty":"49.64000000","quoteQty":"0.00167783","time":1774979123847,"isBuyerMaker":true,"isBestMatch":true},{"id":11428957,"price":"0.00003380","qty":"36.14000000","quoteQty":"0.00122153","time":1774979127032,"isBuyerMaker":true,"isBestMatch":true},{"id":11428958,"price":"0.00003380","qty":"13.72000000","quoteQty":"0.00046373","time":1774979129967,"isBuyerMaker":true,"isBestMatch":true},{"id":11428959,"price":"0.00003380","qty":"8.83000000","quoteQty":"0.00029845","time":1774979132629,"isBuyerMaker":true,"isBestMatch":true},{"id":11428960,"price":"0.00003380","qty":"8.14000000","quoteQty":"0.00027513","time":1774979135737,"isBuyerMaker":true,"isBestMatch":true},{"id":11428961,"price":"0.00003380","qty":"10.10000000","quoteQty":"0.00034138","time":1774979138055,"isBuyerMaker":true,"isBestMatch":true},{"id":11428962,"price":"0.00003380","qty":"22.26000000","quoteQty":"0.00075238","time":1774979140120,"isBuyerMaker":true,"isBestMatch":true},{"id":11428963,"price":"0.00003390","qty":"26.43000000","quoteQty":"0.00089597","time":1774979423279,"isBuyerMaker":false,"isBestMatch":true},{"id":11428964,"price":"0.00003390","qty":"37.12000000","quoteQty":"0.00125836","time":1774979568813,"isBuyerMaker":true,"isBestMatch":true},{"id":11428965,"price":"0.00003390","qty":"37.13000000","quoteQty":"0.00125870","time":1774979629779,"isBuyerMaker":false,"isBestMatch":true},{"id":11428966,"price":"0.00003390","qty":"37.12000000","quoteQty":"0.00125836","time":1774979655796,"isBuyerMaker":true,"isBestMatch":true},{"id":11428967,"price":"0.00003390","qty":"37.12000000","quoteQty":"0.00125836","time":1774981137488,"isBuyerMaker":false,"isBestMatch":true},{"id":11428968,"price":"0.00003390","qty":"4.32000000","quoteQty":"0.00014644","time":1774981225930,"isBuyerMaker":true,"isBestMatch":true},{"id":11428969,"price":"0.00003390","qty":"37.12000000","quoteQty":"0.00125836","time":1774982454130,"isBuyerMaker":true,"isBestMatch":true},{"id":11428970,"price":"0.00003390","qty":"220.92000000","quoteQty":"0.00748918","time":1774982454130,"isBuyerMaker":true,"isBestMatch":true},{"id":11428971,"price":"0.00003390","qty":"93.42000000","quoteQty":"0.00316693","time":1774982455927,"isBuyerMaker":true,"isBestMatch":true},{"id":11428972,"price":"0.00003390","qty":"36.86000000","quoteQty":"0.00124955","time":1774982457952,"isBuyerMaker":true,"isBestMatch":true},{"id":11428973,"price":"0.00003390","qty":"17.71000000","quoteQty":"0.00060036","time":1774982459889,"isBuyerMaker":true,"isBestMatch":true},{"id":11428974,"price":"0.00003390","qty":"8.87000000","quoteQty":"0.00030069","time":1774982461525,"isBuyerMaker":true,"isBestMatch":true},{"id":11428975,"price":"0.00003390","qty":"57.02000000","quoteQty":"0.00193297","time":1774982510054,"isBuyerMaker":true,"isBestMatch":true},{"id":11428976,"price":"0.00003390","qty":"62.29000000","quoteQty":"0.00211163","time":1774982510054,"isBuyerMaker":true,"isBestMatch":true},{"id":11428977,"price":"0.00003390","qty":"48.64000000","quoteQty":"0.00164889","time":1774982512025,"isBuyerMaker":true,"isBestMatch":true},{"id":11428978,"price":"0.00003390","qty":"23.34000000","quoteQty":"0.00079122","time":1774982514138,"isBuyerMaker":true,"isBestMatch":true},{"id":11428979,"price":"0.00003390","qty":"11.28000000","quoteQty":"0.00038239","time":1774982516090,"isBuyerMaker":true,"isBestMatch":true},{"id":11428980,"price":"0.00003390","qty":"61.93000000","quoteQty":"0.00209942","time":1774982565045,"isBuyerMaker":true,"isBestMatch":true},{"id":11428981,"price":"0.00003390","qty":"9.90000000","quoteQty":"0.00033561","time":1774982565045,"isBuyerMaker":true,"isBestMatch":true},{"id":11428982,"price":"0.00003390","qty":"60.56000000","quoteQty":"0.00205298","time":1774982565045,"isBuyerMaker":true,"isBestMatch":true},{"id":11428983,"price":"0.00003390","qty":"52.79000000","quoteQty":"0.00178958","time":1774982566845,"isBuyerMaker":true,"isBestMatch":true},{"id":11428984,"price":"0.00003390","qty":"25.24000000","quoteQty":"0.00085563","time":1774982568932,"isBuyerMaker":true,"isBestMatch":true},{"id":11428985,"price":"0.00003390","qty":"12.18000000","quoteQty":"0.00041290","time":1774982570823,"isBuyerMaker":true,"isBestMatch":true},{"id":11428986,"price":"0.00003410","qty":"28.47000000","quoteQty":"0.00097082","time":1774983818062,"isBuyerMaker":false,"isBestMatch":true},{"id":11428987,"price":"0.00003410","qty":"8.65000000","quoteQty":"0.00029496","time":1774983818062,"isBuyerMaker":false,"isBestMatch":true},{"id":11428988,"price":"0.00003410","qty":"19.82000000","quoteQty":"0.00067586","time":1774983818062,"isBuyerMaker":false,"isBestMatch":true},{"id":11428989,"price":"0.00003410","qty":"0.61000000","quoteQty":"0.00002080","time":1774983818062,"isBuyerMaker":false,"isBestMatch":true},{"id":11428990,"price":"0.00003410","qty":"37.12000000","quoteQty":"0.00126579","time":1774984727245,"isBuyerMaker":true,"isBestMatch":true},{"id":11428991,"price":"0.00003410","qty":"96.37000000","quoteQty":"0.00328621","time":1774984727245,"isBuyerMaker":true,"isBestMatch":true},{"id":11428992,"price":"0.00003410","qty":"57.92000000","quoteQty":"0.00197507","time":1774984729232,"isBuyerMaker":true,"isBestMatch":true},{"id":11428993,"price":"0.00003410","qty":"20.64000000","quoteQty":"0.00070382","time":1774984731335,"isBuyerMaker":true,"isBestMatch":true},{"id":11428994,"price":"0.00003410","qty":"9.83000000","quoteQty":"0.00033520","time":1774984733422,"isBuyerMaker":true,"isBestMatch":true},{"id":11428995,"price":"0.00003420","qty":"31.37000000","quoteQty":"0.00107285","time":1774984829728,"isBuyerMaker":true,"isBestMatch":true},{"id":11428996,"price":"0.00003420","qty":"15.35000000","quoteQty":"0.00052497","time":1774984831673,"isBuyerMaker":true,"isBestMatch":true},{"id":11428997,"price":"0.00003420","qty":"7.78000000","quoteQty":"0.00026607","time":1774984833450,"isBuyerMaker":true,"isBestMatch":true},{"id":11428998,"price":"0.00003420","qty":"37.12000000","quoteQty":"0.00126950","time":1774986076255,"isBuyerMaker":false,"isBestMatch":true},{"id":11428999,"price":"0.00003430","qty":"16.32000000","quoteQty":"0.00055977","time":1774986767406,"isBuyerMaker":false,"isBestMatch":true},{"id":11429000,"price":"0.00003430","qty":"16.32000000","quoteQty":"0.00055977","time":1774986767406,"isBuyerMaker":false,"isBestMatch":true},{"id":11429001,"price":"0.00003430","qty":"0.43000000","quoteQty":"0.00001474","time":1774986767406,"isBuyerMaker":false,"isBestMatch":true},{"id":11429002,"price":"0.00003430","qty":"11.02000000","quoteQty":"0.00037798","time":1774986767790,"isBuyerMaker":true,"isBestMatch":true},{"id":11429003,"price":"0.00003430","qty":"6.21000000","quoteQty":"0.00021300","time":1774986769924,"isBuyerMaker":true,"isBestMatch":true},{"id":11429004,"price":"0.00003400","qty":"37.12000000","quoteQty":"0.00126208","time":1774989276158,"isBuyerMaker":true,"isBestMatch":true},{"id":11429005,"price":"0.00003400","qty":"0.01000000","quoteQty":"0.00000034","time":1774989374060,"isBuyerMaker":false,"isBestMatch":true},{"id":11429006,"price":"0.00003400","qty":"118.65000000","quoteQty":"0.00403410","time":1774989374060,"isBuyerMaker":false,"isBestMatch":true},{"id":11429007,"price":"0.00003400","qty":"84.35000000","quoteQty":"0.00286790","time":1774989376052,"isBuyerMaker":false,"isBestMatch":true},{"id":11429008,"price":"0.00003400","qty":"50.81000000","quoteQty":"0.00172754","time":1774989378448,"isBuyerMaker":false,"isBestMatch":true},{"id":11429009,"price":"0.00003400","qty":"28.51000000","quoteQty":"0.00096934","time":1774989380523,"isBuyerMaker":false,"isBestMatch":true},{"id":11429010,"price":"0.00003400","qty":"12.42000000","quoteQty":"0.00042228","time":1774989382421,"isBuyerMaker":false,"isBestMatch":true},{"id":11429011,"price":"0.00003400","qty":"37.12000000","quoteQty":"0.00126208","time":1774989402305,"isBuyerMaker":true,"isBestMatch":true},{"id":11429012,"price":"0.00003390","qty":"33.10000000","quoteQty":"0.00112209","time":1774989920214,"isBuyerMaker":true,"isBestMatch":true},{"id":11429013,"price":"0.00003390","qty":"11.18000000","quoteQty":"0.00037900","time":1774989920513,"isBuyerMaker":false,"isBestMatch":true},{"id":11429014,"price":"0.00003380","qty":"14.95000000","quoteQty":"0.00050531","time":1774990162012,"isBuyerMaker":true,"isBestMatch":true},{"id":11429015,"price":"0.00003390","qty":"18.17000000","quoteQty":"0.00061596","time":1774990986540,"isBuyerMaker":false,"isBestMatch":true},{"id":11429016,"price":"0.00003390","qty":"18.95000000","quoteQty":"0.00064240","time":1774990986540,"isBuyerMaker":false,"isBestMatch":true},{"id":11429017,"price":"0.00003390","qty":"20.00000000","quoteQty":"0.00067800","time":1774993683607,"isBuyerMaker":false,"isBestMatch":true},{"id":11429018,"price":"0.00003370","qty":"20.01000000","quoteQty":"0.00067433","time":1774998736746,"isBuyerMaker":true,"isBestMatch":true},{"id":11429019,"price":"0.00003370","qty":"0.42000000","quoteQty":"0.00001415","time":1774998736746,"isBuyerMaker":true,"isBestMatch":true},{"id":11429020,"price":"0.00003380","qty":"422.62000000","quoteQty":"0.01428455","time":1774999175600,"isBuyerMaker":false,"isBestMatch":true},{"id":11429021,"price":"0.00003380","qty":"9.09000000","quoteQty":"0.00030724","time":1774999175600,"isBuyerMaker":false,"isBestMatch":true},{"id":11429022,"price":"0.00003380","qty":"216.28000000","quoteQty":"0.00731026","time":1774999175600,"isBuyerMaker":false,"isBestMatch":true},{"id":11429023,"price":"0.00003380","qty":"500.00000000","quoteQty":"0.01690000","time":1774999175600,"isBuyerMaker":false,"isBestMatch":true},{"id":11429024,"price":"0.00003380","qty":"209.02000000","quoteQty":"0.00706487","time":1774999182533,"isBuyerMaker":false,"isBestMatch":true},{"id":11429025,"price":"0.00003380","qty":"405.75000000","quoteQty":"0.01371435","time":1774999182533,"isBuyerMaker":false,"isBestMatch":true},{"id":11429026,"price":"0.00003390","qty":"388.38000000","quoteQty":"0.01316608","time":1774999196959,"isBuyerMaker":false,"isBestMatch":true},{"id":11429027,"price":"0.00003390","qty":"215.56000000","quoteQty":"0.00730748","time":1774999196959,"isBuyerMaker":false,"isBestMatch":true},{"id":11429028,"price":"0.00003390","qty":"9.06000000","quoteQty":"0.00030713","time":1774999196959,"isBuyerMaker":false,"isBestMatch":true},{"id":11429029,"price":"0.00003390","qty":"500.00000000","quoteQty":"0.01695000","time":1774999196959,"isBuyerMaker":false,"isBestMatch":true},{"id":11429030,"price":"0.00003390","qty":"9.45000000","quoteQty":"0.00032035","time":1774999196959,"isBuyerMaker":false,"isBestMatch":true},{"id":11429031,"price":"0.00003390","qty":"167.48000000","quoteQty":"0.00567757","time":1774999196959,"isBuyerMaker":false,"isBestMatch":true},{"id":11429032,"price":"0.00003380","qty":"8.92000000","quoteQty":"0.00030149","time":1774999196964,"isBuyerMaker":true,"isBestMatch":true},{"id":11429033,"price":"0.00003370","qty":"8.55000000","quoteQty":"0.00028813","time":1774999196965,"isBuyerMaker":true,"isBestMatch":true},{"id":11429034,"price":"0.00003380","qty":"173.39000000","quoteQty":"0.00586058","time":1774999203720,"isBuyerMaker":false,"isBestMatch":true},{"id":11429035,"price":"0.00003380","qty":"444.74000000","quoteQty":"0.01503221","time":1774999238272,"isBuyerMaker":false,"isBestMatch":true},{"id":11429036,"price":"0.00003380","qty":"221.58000000","quoteQty":"0.00748940","time":1774999238276,"isBuyerMaker":true,"isBestMatch":true},{"id":11429037,"price":"0.00003390","qty":"8.72000000","quoteQty":"0.00029560","time":1774999326767,"isBuyerMaker":false,"isBestMatch":true},{"id":11429038,"price":"0.00003390","qty":"500.00000000","quoteQty":"0.01695000","time":1774999326767,"isBuyerMaker":false,"isBestMatch":true},{"id":11429039,"price":"0.00003390","qty":"208.32000000","quoteQty":"0.00706204","time":1774999326767,"isBuyerMaker":false,"isBestMatch":true},{"id":11429040,"price":"0.00003390","qty":"447.85000000","quoteQty":"0.01518211","time":1774999326767,"isBuyerMaker":false,"isBestMatch":true},{"id":11429041,"price":"0.00003390","qty":"45.50000000","quoteQty":"0.00154245","time":1774999326768,"isBuyerMaker":true,"isBestMatch":true},{"id":11429042,"price":"0.00003390","qty":"417.15000000","quoteQty":"0.01414138","time":1774999336491,"isBuyerMaker":false,"isBestMatch":true},{"id":11429043,"price":"0.00003390","qty":"206.85000000","quoteQty":"0.00701221","time":1774999336491,"isBuyerMaker":false,"isBestMatch":true},{"id":11429044,"price":"0.00003390","qty":"407.88000000","quoteQty":"0.01382713","time":1774999557495,"isBuyerMaker":false,"isBestMatch":true},{"id":11429045,"price":"0.00003390","qty":"500.00000000","quoteQty":"0.01695000","time":1774999557495,"isBuyerMaker":false,"isBestMatch":true},{"id":11429046,"price":"0.00003390","qty":"221.30000000","quoteQty":"0.00750207","time":1774999557495,"isBuyerMaker":false,"isBestMatch":true},{"id":11429047,"price":"0.00003390","qty":"430.53000000","quoteQty":"0.01459496","time":1774999575998,"isBuyerMaker":false,"isBestMatch":true},{"id":11429048,"price":"0.00003390","qty":"182.50000000","quoteQty":"0.00618675","time":1774999575998,"isBuyerMaker":false,"isBestMatch":true},{"id":11429049,"price":"0.00003370","qty":"19.41000000","quoteQty":"0.00065411","time":1775004192373,"isBuyerMaker":false,"isBestMatch":true},{"id":11429050,"price":"0.00003360","qty":"11.83000000","quoteQty":"0.00039748","time":1775004326825,"isBuyerMaker":false,"isBestMatch":true},{"id":11429051,"price":"0.00003360","qty":"200.00000000","quoteQty":"0.00672000","time":1775004327449,"isBuyerMaker":false,"isBestMatch":true},{"id":11429052,"price":"0.00003360","qty":"200.00000000","quoteQty":"0.00672000","time":1775004327503,"isBuyerMaker":false,"isBestMatch":true},{"id":11429053,"price":"0.00003350","qty":"33.50000000","quoteQty":"0.00112225","time":1775004558477,"isBuyerMaker":true,"isBestMatch":true},{"id":11429054,"price":"0.00003340","qty":"6.91000000","quoteQty":"0.00023079","time":1775004558478,"isBuyerMaker":true,"isBestMatch":true},{"id":11429055,"price":"0.00003340","qty":"1.65000000","quoteQty":"0.00005511","time":1775004558478,"isBuyerMaker":true,"isBestMatch":true},{"id":11429056,"price":"0.00003350","qty":"75.10000000","quoteQty":"0.00251585","time":1775004667656,"isBuyerMaker":false,"isBestMatch":true},{"id":11429057,"price":"0.00003350","qty":"24.19000000","quoteQty":"0.00081036","time":1775004667665,"isBuyerMaker":false,"isBestMatch":true},{"id":11429058,"price":"0.00003350","qty":"71.15000000","quoteQty":"0.00238352","time":1775005825366,"isBuyerMaker":true,"isBestMatch":true},{"id":11429059,"price":"0.00003350","qty":"75.95000000","quoteQty":"0.00254432","time":1775005825759,"isBuyerMaker":true,"isBestMatch":true},{"id":11429060,"price":"0.00003340","qty":"1.42000000","quoteQty":"0.00004742","time":1775007027514,"isBuyerMaker":true,"isBestMatch":true},{"id":11429061,"price":"0.00003340","qty":"34.83000000","quoteQty":"0.00116332","time":1775007027514,"isBuyerMaker":true,"isBestMatch":true},{"id":11429062,"price":"0.00003340","qty":"4.95000000","quoteQty":"0.00016533","time":1775009969097,"isBuyerMaker":true,"isBestMatch":true},{"id":11429063,"price":"0.00003340","qty":"32.17000000","quoteQty":"0.00107447","time":1775009969166,"isBuyerMaker":true,"isBestMatch":true},{"id":11429064,"price":"0.00003340","qty":"0.01000000","quoteQty":"0.00000033","time":1775010019380,"isBuyerMaker":false,"isBestMatch":true},{"id":11429065,"price":"0.00003350","qty":"37.12000000","quoteQty":"0.00124352","time":1775010429108,"isBuyerMaker":true,"isBestMatch":true},{"id":11429066,"price":"0.00003350","qty":"37.12000000","quoteQty":"0.00124352","time":1775010634256,"isBuyerMaker":true,"isBestMatch":true},{"id":11429067,"price":"0.00003350","qty":"37.12000000","quoteQty":"0.00124352","time":1775012386381,"isBuyerMaker":true,"isBestMatch":true},{"id":11429068,"price":"0.00003340","qty":"37.12000000","quoteQty":"0.00123980","time":1775013603770,"isBuyerMaker":true,"isBestMatch":true},{"id":11429069,"price":"0.00003340","qty":"37.12000000","quoteQty":"0.00123980","time":1775014222501,"isBuyerMaker":false,"isBestMatch":true},{"id":11429070,"price":"0.00003340","qty":"332.20000000","quoteQty":"0.01109548","time":1775014222501,"isBuyerMaker":false,"isBestMatch":true},{"id":11429071,"price":"0.00003340","qty":"29.89000000","quoteQty":"0.00099832","time":1775014797208,"isBuyerMaker":true,"isBestMatch":true},{"id":11429072,"price":"0.00003340","qty":"37.12000000","quoteQty":"0.00123980","time":1775014962876,"isBuyerMaker":true,"isBestMatch":true},{"id":11429073,"price":"0.00003330","qty":"3.91000000","quoteQty":"0.00013020","time":1775014962876,"isBuyerMaker":true,"isBestMatch":true},{"id":11429074,"price":"0.00003340","qty":"16.73000000","quoteQty":"0.00055878","time":1775015023999,"isBuyerMaker":true,"isBestMatch":true},{"id":11429075,"price":"0.00003340","qty":"16.73000000","quoteQty":"0.00055878","time":1775015023999,"isBuyerMaker":true,"isBestMatch":true},{"id":11429076,"price":"0.00003340","qty":"3.66000000","quoteQty":"0.00012224","time":1775015023999,"isBuyerMaker":true,"isBestMatch":true},{"id":11429077,"price":"0.00003340","qty":"37.12000000","quoteQty":"0.00123980","time":1775017495011,"isBuyerMaker":false,"isBestMatch":true},{"id":11429078,"price":"0.00003340","qty":"37.12000000","quoteQty":"0.00123980","time":1775018129717,"isBuyerMaker":false,"isBestMatch":true},{"id":11429079,"price":"0.00003340","qty":"5.24000000","quoteQty":"0.00017501","time":1775018212598,"isBuyerMaker":false,"isBestMatch":true},{"id":11429080,"price":"0.00003340","qty":"10.96000000","quoteQty":"0.00036606","time":1775018733092,"isBuyerMaker":false,"isBestMatch":true},{"id":11429081,"price":"0.00003340","qty":"10.96000000","quoteQty":"0.00036606","time":1775018733092,"isBuyerMaker":false,"isBestMatch":true},{"id":11429082,"price":"0.00003340","qty":"9.96000000","quoteQty":"0.00033266","time":1775018733092,"isBuyerMaker":false,"isBestMatch":true},{"id":11429083,"price":"0.00003330","qty":"16.52000000","quoteQty":"0.00055011","time":1775020481671,"isBuyerMaker":true,"isBestMatch":true},{"id":11429084,"price":"0.00003330","qty":"37.12000000","quoteQty":"0.00123609","time":1775020481671,"isBuyerMaker":true,"isBestMatch":true},{"id":11429085,"price":"0.00003330","qty":"0.02000000","quoteQty":"0.00000066","time":1775020514629,"isBuyerMaker":false,"isBestMatch":true},{"id":11429086,"price":"0.00003340","qty":"3.28000000","quoteQty":"0.00010955","time":1775021273178,"isBuyerMaker":false,"isBestMatch":true},{"id":11429087,"price":"0.00003340","qty":"33.84000000","quoteQty":"0.00113025","time":1775021343059,"isBuyerMaker":false,"isBestMatch":true},{"id":11429088,"price":"0.00003350","qty":"37.12000000","quoteQty":"0.00124352","time":1775022293862,"isBuyerMaker":true,"isBestMatch":true},{"id":11429089,"price":"0.00003350","qty":"131.58000000","quoteQty":"0.00440793","time":1775022315997,"isBuyerMaker":false,"isBestMatch":true},{"id":11429090,"price":"0.00003360","qty":"10.22000000","quoteQty":"0.00034339","time":1775022717188,"isBuyerMaker":false,"isBestMatch":true},{"id":11429091,"price":"0.00003370","qty":"20.43000000","quoteQty":"0.00068849","time":1775023737218,"isBuyerMaker":false,"isBestMatch":true},{"id":11429092,"price":"0.00003370","qty":"37.12000000","quoteQty":"0.00125094","time":1775023737218,"isBuyerMaker":false,"isBestMatch":true},{"id":11429093,"price":"0.00003370","qty":"15.99000000","quoteQty":"0.00053886","time":1775023933726,"isBuyerMaker":true,"isBestMatch":true},{"id":11429094,"price":"0.00003360","qty":"18.50000000","quoteQty":"0.00062160","time":1775026755545,"isBuyerMaker":false,"isBestMatch":true},{"id":11429095,"price":"0.00003360","qty":"18.62000000","quoteQty":"0.00062563","time":1775026755545,"isBuyerMaker":false,"isBestMatch":true},{"id":11429096,"price":"0.00003360","qty":"37.12000000","quoteQty":"0.00124723","time":1775027075700,"isBuyerMaker":false,"isBestMatch":true},{"id":11429097,"price":"0.00003370","qty":"37.12000000","quoteQty":"0.00125094","time":1775027965426,"isBuyerMaker":false,"isBestMatch":true},{"id":11429098,"price":"0.00003390","qty":"6.81000000","quoteQty":"0.00023085","time":1775030892833,"isBuyerMaker":false,"isBestMatch":true},{"id":11429099,"price":"0.00003390","qty":"31.88000000","quoteQty":"0.00108073","time":1775030892833,"isBuyerMaker":false,"isBestMatch":true},{"id":11429100,"price":"0.00003390","qty":"1.59000000","quoteQty":"0.00005390","time":1775030892833,"isBuyerMaker":false,"isBestMatch":true},{"id":11429101,"price":"0.00003390","qty":"37.10000000","quoteQty":"0.00125769","time":1775030892833,"isBuyerMaker":false,"isBestMatch":true},{"id":11429102,"price":"0.00003390","qty":"0.02000000","quoteQty":"0.00000067","time":1775030892833,"isBuyerMaker":false,"isBestMatch":true},{"id":11429103,"price":"0.00003390","qty":"37.12000000","quoteQty":"0.00125836","time":1775031113018,"isBuyerMaker":true,"isBestMatch":true},{"id":11429104,"price":"0.00003390","qty":"37.12000000","quoteQty":"0.00125836","time":1775031250418,"isBuyerMaker":false,"isBestMatch":true},{"id":11429105,"price":"0.00003390","qty":"37.12000000","quoteQty":"0.00125836","time":1775031426584,"isBuyerMaker":true,"isBestMatch":true},{"id":11429106,"price":"0.00003390","qty":"5.46000000","quoteQty":"0.00018509","time":1775031751354,"isBuyerMaker":false,"isBestMatch":true},{"id":11429107,"price":"0.00003390","qty":"423.04000000","quoteQty":"0.01434105","time":1775031965980,"isBuyerMaker":true,"isBestMatch":true},{"id":11429108,"price":"0.00003390","qty":"37.12000000","quoteQty":"0.00125836","time":1775031965980,"isBuyerMaker":true,"isBestMatch":true},{"id":11429109,"price":"0.00003390","qty":"218.37000000","quoteQty":"0.00740274","time":1775031965980,"isBuyerMaker":true,"isBestMatch":true},{"id":11429110,"price":"0.00003390","qty":"34.30000000","quoteQty":"0.00116277","time":1775031965981,"isBuyerMaker":false,"isBestMatch":true},{"id":11429111,"price":"0.00003390","qty":"35.60000000","quoteQty":"0.00120684","time":1775031965981,"isBuyerMaker":false,"isBestMatch":true},{"id":11429112,"price":"0.00003390","qty":"1.57000000","quoteQty":"0.00005322","time":1775031965981,"isBuyerMaker":false,"isBestMatch":true},{"id":11429113,"price":"0.00003400","qty":"8.80000000","quoteQty":"0.00029920","time":1775031965983,"isBuyerMaker":false,"isBestMatch":true},{"id":11429114,"price":"0.00003400","qty":"3.07000000","quoteQty":"0.00010438","time":1775031965983,"isBuyerMaker":false,"isBestMatch":true},{"id":11429115,"price":"0.00003400","qty":"26.29000000","quoteQty":"0.00089386","time":1775031965983,"isBuyerMaker":false,"isBestMatch":true},{"id":11429116,"price":"0.00003400","qty":"8.54000000","quoteQty":"0.00029036","time":1775032231298,"isBuyerMaker":false,"isBestMatch":true},{"id":11429117,"price":"0.00003400","qty":"8.97000000","quoteQty":"0.00030498","time":1775032231881,"isBuyerMaker":true,"isBestMatch":true},{"id":11429118,"price":"0.00003400","qty":"20.09000000","quoteQty":"0.00068306","time":1775032485885,"isBuyerMaker":true,"isBestMatch":true},{"id":11429119,"price":"0.00003400","qty":"10.05000000","quoteQty":"0.00034170","time":1775032488268,"isBuyerMaker":true,"isBestMatch":true},{"id":11429120,"price":"0.00003400","qty":"37.12000000","quoteQty":"0.00126208","time":1775033204860,"isBuyerMaker":false,"isBestMatch":true},{"id":11429121,"price":"0.00003400","qty":"37.12000000","quoteQty":"0.00126208","time":1775033204863,"isBuyerMaker":false,"isBestMatch":true},{"id":11429122,"price":"0.00003400","qty":"37.12000000","quoteQty":"0.00126208","time":1775033294034,"isBuyerMaker":true,"isBestMatch":true},{"id":11429123,"price":"0.00003400","qty":"20.27000000","quoteQty":"0.00068918","time":1775033294034,"isBuyerMaker":true,"isBestMatch":true},{"id":11429124,"price":"0.00003400","qty":"20.97000000","quoteQty":"0.00071298","time":1775033295753,"isBuyerMaker":true,"isBestMatch":true},{"id":11429125,"price":"0.00003400","qty":"8.84000000","quoteQty":"0.00030056","time":1775033297599,"isBuyerMaker":true,"isBestMatch":true},{"id":11429126,"price":"0.00003410","qty":"20.43000000","quoteQty":"0.00069666","time":1775033446377,"isBuyerMaker":false,"isBestMatch":true},{"id":11429127,"price":"0.00003410","qty":"26.00000000","quoteQty":"0.00088660","time":1775033600636,"isBuyerMaker":false,"isBestMatch":true},{"id":11429128,"price":"0.00003410","qty":"33.50000000","quoteQty":"0.00114235","time":1775033600783,"isBuyerMaker":true,"isBestMatch":true},{"id":11429129,"price":"0.00003410","qty":"13.53000000","quoteQty":"0.00046137","time":1775033602622,"isBuyerMaker":true,"isBestMatch":true},{"id":11429130,"price":"0.00003410","qty":"305.12000000","quoteQty":"0.01040459","time":1775033625330,"isBuyerMaker":true,"isBestMatch":true},{"id":11429131,"price":"0.00003410","qty":"53.32000000","quoteQty":"0.00181821","time":1775033625330,"isBuyerMaker":true,"isBestMatch":true},{"id":11429132,"price":"0.00003390","qty":"37.12000000","quoteQty":"0.00125836","time":1775034496751,"isBuyerMaker":false,"isBestMatch":true},{"id":11429133,"price":"0.00003390","qty":"37.12000000","quoteQty":"0.00125836","time":1775035034249,"isBuyerMaker":true,"isBestMatch":true},{"id":11429134,"price":"0.00003390","qty":"0.01000000","quoteQty":"0.00000033","time":1775035091455,"isBuyerMaker":false,"isBestMatch":true},{"id":11429135,"price":"0.00003390","qty":"37.12000000","quoteQty":"0.00125836","time":1775035091455,"isBuyerMaker":false,"isBestMatch":true},{"id":11429136,"price":"0.00003390","qty":"432.10000000","quoteQty":"0.01464819","time":1775035091455,"isBuyerMaker":false,"isBestMatch":true},{"id":11429137,"price":"0.00003390","qty":"258.73000000","quoteQty":"0.00877094","time":1775035184163,"isBuyerMaker":true,"isBestMatch":true},{"id":11429138,"price":"0.00003390","qty":"81.51000000","quoteQty":"0.00276318","time":1775035206529,"isBuyerMaker":true,"isBestMatch":true},{"id":11429139,"price":"0.00003390","qty":"75.48000000","quoteQty":"0.00255877","time":1775035216470,"isBuyerMaker":true,"isBestMatch":true},{"id":11429140,"price":"0.00003380","qty":"28.08000000","quoteQty":"0.00094910","time":1775035549265,"isBuyerMaker":true,"isBestMatch":true},{"id":11429141,"price":"0.00003380","qty":"9.04000000","quoteQty":"0.00030555","time":1775035549265,"isBuyerMaker":true,"isBestMatch":true},{"id":11429142,"price":"0.00003390","qty":"18.48000000","quoteQty":"0.00062647","time":1775038476551,"isBuyerMaker":false,"isBestMatch":true},{"id":11429143,"price":"0.00003390","qty":"18.48000000","quoteQty":"0.00062647","time":1775038476551,"isBuyerMaker":false,"isBestMatch":true},{"id":11429144,"price":"0.00003390","qty":"0.16000000","quoteQty":"0.00000542","time":1775038476551,"isBuyerMaker":false,"isBestMatch":true},{"id":11429145,"price":"0.00003380","qty":"18.52000000","quoteQty":"0.00062597","time":1775039038656,"isBuyerMaker":false,"isBestMatch":true},{"id":11429146,"price":"0.00003380","qty":"18.52000000","quoteQty":"0.00062597","time":1775039038656,"isBuyerMaker":false,"isBestMatch":true},{"id":11429147,"price":"0.00003380","qty":"0.08000000","quoteQty":"0.00000270","time":1775039038656,"isBuyerMaker":false,"isBestMatch":true},{"id":11429148,"price":"0.00003390","qty":"20.00000000","quoteQty":"0.00067800","time":1775040009611,"isBuyerMaker":false,"isBestMatch":true},{"id":11429149,"price":"0.00003380","qty":"74.24000000","quoteQty":"0.00250931","time":1775041284761,"isBuyerMaker":false,"isBestMatch":true},{"id":11429150,"price":"0.00003380","qty":"141.23000000","quoteQty":"0.00477357","time":1775041284761,"isBuyerMaker":false,"isBestMatch":true},{"id":11429151,"price":"0.00003380","qty":"264.25000000","quoteQty":"0.00893165","time":1775041284761,"isBuyerMaker":false,"isBestMatch":true},{"id":11429152,"price":"0.00003380","qty":"37.12000000","quoteQty":"0.00125465","time":1775041763229,"isBuyerMaker":true,"isBestMatch":true},{"id":11429153,"price":"0.00003370","qty":"37.12000000","quoteQty":"0.00125094","time":1775042785421,"isBuyerMaker":true,"isBestMatch":true},{"id":11429154,"price":"0.00003370","qty":"20.43000000","quoteQty":"0.00068849","time":1775042785421,"isBuyerMaker":true,"isBestMatch":true},{"id":11429155,"price":"0.00003370","qty":"37.12000000","quoteQty":"0.00125094","time":1775043301931,"isBuyerMaker":false,"isBestMatch":true},{"id":11429156,"price":"0.00003380","qty":"37.12000000","quoteQty":"0.00125465","time":1775044822877,"isBuyerMaker":false,"isBestMatch":true},{"id":11429157,"price":"0.00003380","qty":"145.50000000","quoteQty":"0.00491790","time":1775045750860,"isBuyerMaker":true,"isBestMatch":true},{"id":11429158,"price":"0.00003400","qty":"49.28000000","quoteQty":"0.00167552","time":1775046438283,"isBuyerMaker":false,"isBestMatch":true},{"id":11429159,"price":"0.00003410","qty":"20.43000000","quoteQty":"0.00069666","time":1775046663480,"isBuyerMaker":false,"isBestMatch":true},{"id":11429160,"price":"0.00003410","qty":"26.07000000","quoteQty":"0.00088898","time":1775046663659,"isBuyerMaker":true,"isBestMatch":true},{"id":11429161,"price":"0.00003410","qty":"430.83000000","quoteQty":"0.01469130","time":1775047172713,"isBuyerMaker":true,"isBestMatch":true},{"id":11429162,"price":"0.00003420","qty":"165.00000000","quoteQty":"0.00564300","time":1775047497138,"isBuyerMaker":false,"isBestMatch":true},{"id":11429163,"price":"0.00003420","qty":"4.08000000","quoteQty":"0.00013953","time":1775047497139,"isBuyerMaker":false,"isBestMatch":true},{"id":11429164,"price":"0.00003420","qty":"37.12000000","quoteQty":"0.00126950","time":1775047497782,"isBuyerMaker":true,"isBestMatch":true},{"id":11429165,"price":"0.00003420","qty":"8.87000000","quoteQty":"0.00030335","time":1775047497782,"isBuyerMaker":true,"isBestMatch":true},{"id":11429166,"price":"0.00003420","qty":"37.12000000","quoteQty":"0.00126950","time":1775047499021,"isBuyerMaker":false,"isBestMatch":true},{"id":11429167,"price":"0.00003420","qty":"37.12000000","quoteQty":"0.00126950","time":1775047499209,"isBuyerMaker":false,"isBestMatch":true},{"id":11429168,"price":"0.00003430","qty":"33.07000000","quoteQty":"0.00113430","time":1775047499209,"isBuyerMaker":false,"isBestMatch":true},{"id":11429169,"price":"0.00003430","qty":"37.12000000","quoteQty":"0.00127321","time":1775047499209,"isBuyerMaker":false,"isBestMatch":true},{"id":11429170,"price":"0.00003430","qty":"47.73000000","quoteQty":"0.00163713","time":1775047499209,"isBuyerMaker":false,"isBestMatch":true},{"id":11429171,"price":"0.00003420","qty":"37.12000000","quoteQty":"0.00126950","time":1775047499342,"isBuyerMaker":false,"isBestMatch":true},{"id":11429172,"price":"0.00003430","qty":"65.37000000","quoteQty":"0.00224219","time":1775047499342,"isBuyerMaker":false,"isBestMatch":true},{"id":11429173,"price":"0.00003430","qty":"48.71000000","quoteQty":"0.00167075","time":1775047499342,"isBuyerMaker":false,"isBestMatch":true},{"id":11429174,"price":"0.00003430","qty":"36.47000000","quoteQty":"0.00125092","time":1775047499357,"isBuyerMaker":false,"isBestMatch":true},{"id":11429175,"price":"0.00003410","qty":"9.73000000","quoteQty":"0.00033179","time":1775047527872,"isBuyerMaker":true,"isBestMatch":true},{"id":11429176,"price":"0.00003410","qty":"27.39000000","quoteQty":"0.00093399","time":1775047527889,"isBuyerMaker":true,"isBestMatch":true},{"id":11429177,"price":"0.00003400","qty":"37.12000000","quoteQty":"0.00126208","time":1775047527889,"isBuyerMaker":true,"isBestMatch":true},{"id":11429178,"price":"0.00003400","qty":"33.30000000","quoteQty":"0.00113220","time":1775047527889,"isBuyerMaker":true,"isBestMatch":true},{"id":11429179,"price":"0.00003400","qty":"28.45000000","quoteQty":"0.00096730","time":1775047527909,"isBuyerMaker":true,"isBestMatch":true},{"id":11429180,"price":"0.00003410","qty":"37.12000000","quoteQty":"0.00126579","time":1775047672353,"isBuyerMaker":true,"isBestMatch":true},{"id":11429181,"price":"0.00003410","qty":"37.12000000","quoteQty":"0.00126579","time":1775047910764,"isBuyerMaker":true,"isBestMatch":true},{"id":11429182,"price":"0.00003400","qty":"37.13000000","quoteQty":"0.00126242","time":1775049001017,"isBuyerMaker":false,"isBestMatch":true},{"id":11429183,"price":"0.00003400","qty":"37.12000000","quoteQty":"0.00126208","time":1775050502384,"isBuyerMaker":true,"isBestMatch":true},{"id":11429184,"price":"0.00003400","qty":"37.12000000","quoteQty":"0.00126208","time":1775050792312,"isBuyerMaker":false,"isBestMatch":true},{"id":11429185,"price":"0.00003410","qty":"37.12000000","quoteQty":"0.00126579","time":1775051805211,"isBuyerMaker":true,"isBestMatch":true},{"id":11429186,"price":"0.00003400","qty":"6.17000000","quoteQty":"0.00020978","time":1775052156350,"isBuyerMaker":true,"isBestMatch":true},{"id":11429187,"price":"0.00003400","qty":"30.99000000","quoteQty":"0.00105366","time":1775052366455,"isBuyerMaker":false,"isBestMatch":true},{"id":11429188,"price":"0.00003400","qty":"37.12000000","quoteQty":"0.00126208","time":1775052622406,"isBuyerMaker":true,"isBestMatch":true},{"id":11429189,"price":"0.00003390","qty":"37.12000000","quoteQty":"0.00125836","time":1775053527734,"isBuyerMaker":true,"isBestMatch":true},{"id":11429190,"price":"0.00003390","qty":"17.69000000","quoteQty":"0.00059969","time":1775053527734,"isBuyerMaker":true,"isBestMatch":true},{"id":11429191,"price":"0.00003390","qty":"15.41000000","quoteQty":"0.00052239","time":1775053527734,"isBuyerMaker":true,"isBestMatch":true},{"id":11429192,"price":"0.00003380","qty":"37.12000000","quoteQty":"0.00125465","time":1775054060432,"isBuyerMaker":true,"isBestMatch":true},{"id":11429193,"price":"0.00003380","qty":"9.73000000","quoteQty":"0.00032887","time":1775054060432,"isBuyerMaker":true,"isBestMatch":true},{"id":11429194,"price":"0.00003380","qty":"97.81000000","quoteQty":"0.00330597","time":1775054060432,"isBuyerMaker":true,"isBestMatch":true},{"id":11429195,"price":"0.00003380","qty":"28.45000000","quoteQty":"0.00096161","time":1775054060432,"isBuyerMaker":true,"isBestMatch":true},{"id":11429196,"price":"0.00003370","qty":"37.12000000","quoteQty":"0.00125094","time":1775055923760,"isBuyerMaker":true,"isBestMatch":true},{"id":11429197,"price":"0.00003370","qty":"20.43000000","quoteQty":"0.00068849","time":1775055923760,"isBuyerMaker":true,"isBestMatch":true},{"id":11429198,"price":"0.00003370","qty":"36.74000000","quoteQty":"0.00123813","time":1775055976634,"isBuyerMaker":true,"isBestMatch":true},{"id":11429199,"price":"0.00003360","qty":"74.28000000","quoteQty":"0.00249580","time":1775056331390,"isBuyerMaker":false,"isBestMatch":true},{"id":11429200,"price":"0.00003360","qty":"34.61000000","quoteQty":"0.00116289","time":1775056987079,"isBuyerMaker":true,"isBestMatch":true},{"id":11429201,"price":"0.00003360","qty":"2.51000000","quoteQty":"0.00008433","time":1775057012546,"isBuyerMaker":true,"isBestMatch":true},{"id":11429202,"price":"0.00003350","qty":"37.12000000","quoteQty":"0.00124352","time":1775057590147,"isBuyerMaker":true,"isBestMatch":true},{"id":11429203,"price":"0.00003350","qty":"33.50000000","quoteQty":"0.00112225","time":1775057590147,"isBuyerMaker":true,"isBestMatch":true},{"id":11429204,"price":"0.00003350","qty":"37.12000000","quoteQty":"0.00124352","time":1775058319871,"isBuyerMaker":true,"isBestMatch":true},{"id":11429205,"price":"0.00003350","qty":"37.12000000","quoteQty":"0.00124352","time":1775058761841,"isBuyerMaker":true,"isBestMatch":true},{"id":11429206,"price":"0.00003350","qty":"0.01000000","quoteQty":"0.00000033","time":1775058831543,"isBuyerMaker":false,"isBestMatch":true},{"id":11429207,"price":"0.00003350","qty":"36.82000000","quoteQty":"0.00123347","time":1775058863004,"isBuyerMaker":true,"isBestMatch":true},{"id":11429208,"price":"0.00003350","qty":"0.30000000","quoteQty":"0.00001005","time":1775058863004,"isBuyerMaker":true,"isBestMatch":true},{"id":11429209,"price":"0.00003370","qty":"18.51000000","quoteQty":"0.00062378","time":1775061160952,"isBuyerMaker":false,"isBestMatch":true},{"id":11429210,"price":"0.00003370","qty":"18.51000000","quoteQty":"0.00062378","time":1775061160952,"isBuyerMaker":false,"isBestMatch":true},{"id":11429211,"price":"0.00003370","qty":"0.10000000","quoteQty":"0.00000337","time":1775061160952,"isBuyerMaker":false,"isBestMatch":true},{"id":11429212,"price":"0.00003360","qty":"18.15000000","quoteQty":"0.00060984","time":1775062886723,"isBuyerMaker":false,"isBestMatch":true},{"id":11429213,"price":"0.00003360","qty":"18.15000000","quoteQty":"0.00060984","time":1775062886723,"isBuyerMaker":false,"isBestMatch":true},{"id":11429214,"price":"0.00003360","qty":"0.82000000","quoteQty":"0.00002755","time":1775062886724,"isBuyerMaker":false,"isBestMatch":true},{"id":11429215,"price":"0.00003360","qty":"37.12000000","quoteQty":"0.00124723","time":1775062990281,"isBuyerMaker":false,"isBestMatch":true},{"id":11429216,"price":"0.00003360","qty":"37.12000000","quoteQty":"0.00124723","time":1775062990352,"isBuyerMaker":false,"isBestMatch":true},{"id":11429217,"price":"0.00003370","qty":"37.12000000","quoteQty":"0.00125094","time":1775063052465,"isBuyerMaker":false,"isBestMatch":true},{"id":11429218,"price":"0.00003370","qty":"186.42000000","quoteQty":"0.00628235","time":1775063052465,"isBuyerMaker":false,"isBestMatch":true},{"id":11429219,"price":"0.00003360","qty":"22.36000000","quoteQty":"0.00075129","time":1775063344389,"isBuyerMaker":false,"isBestMatch":true},{"id":11429220,"price":"0.00003360","qty":"37.12000000","quoteQty":"0.00124723","time":1775064399039,"isBuyerMaker":true,"isBestMatch":true},{"id":11429221,"price":"0.00003360","qty":"186.19000000","quoteQty":"0.00625598","time":1775064399039,"isBuyerMaker":true,"isBestMatch":true},{"id":11429222,"price":"0.00003370","qty":"37.12000000","quoteQty":"0.00125094","time":1775064891803,"isBuyerMaker":false,"isBestMatch":true},{"id":11429223,"price":"0.00003370","qty":"37.12000000","quoteQty":"0.00125094","time":1775064960903,"isBuyerMaker":true,"isBestMatch":true},{"id":11429224,"price":"0.00003370","qty":"37.12000000","quoteQty":"0.00125094","time":1775065913885,"isBuyerMaker":true,"isBestMatch":true},{"id":11429225,"price":"0.00003380","qty":"18.56000000","quoteQty":"0.00062732","time":1775066588202,"isBuyerMaker":false,"isBestMatch":true},{"id":11429226,"price":"0.00003380","qty":"5.00000000","quoteQty":"0.00016900","time":1775068095147,"isBuyerMaker":false,"isBestMatch":true},{"id":11429227,"price":"0.00003380","qty":"16.05000000","quoteQty":"0.00054249","time":1775072010337,"isBuyerMaker":false,"isBestMatch":true},{"id":11429228,"price":"0.00003380","qty":"16.05000000","quoteQty":"0.00054249","time":1775072010337,"isBuyerMaker":false,"isBestMatch":true},{"id":11429229,"price":"0.00003380","qty":"0.02000000","quoteQty":"0.00000067","time":1775072010338,"isBuyerMaker":false,"isBestMatch":true},{"id":11429230,"price":"0.00003380","qty":"37.12000000","quoteQty":"0.00125465","time":1775072381673,"isBuyerMaker":true,"isBestMatch":true},{"id":11429231,"price":"0.00003370","qty":"37.12000000","quoteQty":"0.00125094","time":1775074049899,"isBuyerMaker":true,"isBestMatch":true},{"id":11429232,"price":"0.00003370","qty":"37.12000000","quoteQty":"0.00125094","time":1775074050102,"isBuyerMaker":true,"isBestMatch":true},{"id":11429233,"price":"0.00003360","qty":"37.12000000","quoteQty":"0.00124723","time":1775075690717,"isBuyerMaker":true,"isBestMatch":true},{"id":11429234,"price":"0.00003360","qty":"93.80000000","quoteQty":"0.00315168","time":1775075690717,"isBuyerMaker":true,"isBestMatch":true},{"id":11429235,"price":"0.00003360","qty":"84.33000000","quoteQty":"0.00283348","time":1775075690717,"isBuyerMaker":true,"isBestMatch":true},{"id":11429236,"price":"0.00003360","qty":"18.35000000","quoteQty":"0.00061656","time":1775075815114,"isBuyerMaker":false,"isBestMatch":true},{"id":11429237,"price":"0.00003360","qty":"18.35000000","quoteQty":"0.00061656","time":1775075815114,"isBuyerMaker":false,"isBestMatch":true},{"id":11429238,"price":"0.00003360","qty":"0.42000000","quoteQty":"0.00001411","time":1775075815114,"isBuyerMaker":false,"isBestMatch":true},{"id":11429239,"price":"0.00003360","qty":"37.12000000","quoteQty":"0.00124723","time":1775076257898,"isBuyerMaker":false,"isBestMatch":true},{"id":11429240,"price":"0.00003360","qty":"37.12000000","quoteQty":"0.00124723","time":1775078497612,"isBuyerMaker":false,"isBestMatch":true},{"id":11429241,"price":"0.00003350","qty":"37.12000000","quoteQty":"0.00124352","time":1775081822950,"isBuyerMaker":true,"isBestMatch":true},{"id":11429242,"price":"0.00003350","qty":"37.12000000","quoteQty":"0.00124352","time":1775082337840,"isBuyerMaker":true,"isBestMatch":true},{"id":11429243,"price":"0.00003340","qty":"6.91000000","quoteQty":"0.00023079","time":1775085355087,"isBuyerMaker":true,"isBestMatch":true},{"id":11429244,"price":"0.00003340","qty":"3.07000000","quoteQty":"0.00010253","time":1775085355087,"isBuyerMaker":true,"isBestMatch":true},{"id":11429245,"price":"0.00003340","qty":"34.83000000","quoteQty":"0.00116332","time":1775085355087,"isBuyerMaker":true,"isBestMatch":true},{"id":11429246,"price":"0.00003340","qty":"37.12000000","quoteQty":"0.00123980","time":1775085355087,"isBuyerMaker":true,"isBestMatch":true},{"id":11429247,"price":"0.00003340","qty":"4.78000000","quoteQty":"0.00015965","time":1775085894943,"isBuyerMaker":false,"isBestMatch":true},{"id":11429248,"price":"0.00003340","qty":"32.34000000","quoteQty":"0.00108015","time":1775085924996,"isBuyerMaker":false,"isBestMatch":true},{"id":11429249,"price":"0.00003340","qty":"37.12000000","quoteQty":"0.00123980","time":1775086187006,"isBuyerMaker":false,"isBestMatch":true},{"id":11429250,"price":"0.00003350","qty":"10.42000000","quoteQty":"0.00034907","time":1775089476460,"isBuyerMaker":true,"isBestMatch":true},{"id":11429251,"price":"0.00003350","qty":"13.08000000","quoteQty":"0.00043818","time":1775091392816,"isBuyerMaker":false,"isBestMatch":true},{"id":11429252,"price":"0.00003350","qty":"24.04000000","quoteQty":"0.00080534","time":1775091392816,"isBuyerMaker":false,"isBestMatch":true},{"id":11429253,"price":"0.00003350","qty":"37.12000000","quoteQty":"0.00124352","time":1775091618086,"isBuyerMaker":false,"isBestMatch":true},{"id":11429254,"price":"0.00003360","qty":"37.12000000","quoteQty":"0.00124723","time":1775091904427,"isBuyerMaker":false,"isBestMatch":true},{"id":11429255,"price":"0.00003360","qty":"98.00000000","quoteQty":"0.00329280","time":1775091904427,"isBuyerMaker":false,"isBestMatch":true},{"id":11429256,"price":"0.00003360","qty":"127.98000000","quoteQty":"0.00430012","time":1775091904427,"isBuyerMaker":false,"isBestMatch":true},{"id":11429257,"price":"0.00003360","qty":"90.33000000","quoteQty":"0.00303508","time":1775091904427,"isBuyerMaker":false,"isBestMatch":true},{"id":11429258,"price":"0.00003360","qty":"115.36000000","quoteQty":"0.00387609","time":1775091951719,"isBuyerMaker":true,"isBestMatch":true},{"id":11429259,"price":"0.00003360","qty":"165.00000000","quoteQty":"0.00554400","time":1775091951726,"isBuyerMaker":true,"isBestMatch":true},{"id":11429260,"price":"0.00003350","qty":"37.12000000","quoteQty":"0.00124352","time":1775092541851,"isBuyerMaker":false,"isBestMatch":true},{"id":11429261,"price":"0.00003350","qty":"37.12000000","quoteQty":"0.00124352","time":1775092557416,"isBuyerMaker":false,"isBestMatch":true},{"id":11429262,"price":"0.00003350","qty":"37.12000000","quoteQty":"0.00124352","time":1775092710355,"isBuyerMaker":true,"isBestMatch":true},{"id":11429263,"price":"0.00003340","qty":"37.12000000","quoteQty":"0.00123980","time":1775093411102,"isBuyerMaker":true,"isBestMatch":true},{"id":11429264,"price":"0.00003350","qty":"37.12000000","quoteQty":"0.00124352","time":1775094588190,"isBuyerMaker":true,"isBestMatch":true},{"id":11429265,"price":"0.00003350","qty":"13.30000000","quoteQty":"0.00044555","time":1775094720797,"isBuyerMaker":false,"isBestMatch":true},{"id":11429266,"price":"0.00003350","qty":"13.30000000","quoteQty":"0.00044555","time":1775094720797,"isBuyerMaker":false,"isBestMatch":true},{"id":11429267,"price":"0.00003350","qty":"10.52000000","quoteQty":"0.00035242","time":1775094720797,"isBuyerMaker":false,"isBestMatch":true},{"id":11429268,"price":"0.00003350","qty":"37.12000000","quoteQty":"0.00124352","time":1775095625900,"isBuyerMaker":false,"isBestMatch":true},{"id":11429269,"price":"0.00003340","qty":"37.12000000","quoteQty":"0.00123980","time":1775096117136,"isBuyerMaker":true,"isBestMatch":true},{"id":11429270,"price":"0.00003330","qty":"20.43000000","quoteQty":"0.00068031","time":1775096412167,"isBuyerMaker":true,"isBestMatch":true},{"id":11429271,"price":"0.00003330","qty":"26.19000000","quoteQty":"0.00087212","time":1775096412167,"isBuyerMaker":true,"isBestMatch":true},{"id":11429272,"price":"0.00003320","qty":"5.46000000","quoteQty":"0.00018127","time":1775096542030,"isBuyerMaker":true,"isBestMatch":true},{"id":11429273,"price":"0.00003330","qty":"37.12000000","quoteQty":"0.00123609","time":1775097224730,"isBuyerMaker":false,"isBestMatch":true},{"id":11429274,"price":"0.00003330","qty":"36.00000000","quoteQty":"0.00119880","time":1775098234226,"isBuyerMaker":true,"isBestMatch":true},{"id":11429275,"price":"0.00003330","qty":"18.86000000","quoteQty":"0.00062803","time":1775098474441,"isBuyerMaker":true,"isBestMatch":true},{"id":11429276,"price":"0.00003340","qty":"18.34000000","quoteQty":"0.00061255","time":1775100292175,"isBuyerMaker":false,"isBestMatch":true},{"id":11429277,"price":"0.00003340","qty":"18.34000000","quoteQty":"0.00061255","time":1775100292175,"isBuyerMaker":false,"isBestMatch":true},{"id":11429278,"price":"0.00003340","qty":"0.44000000","quoteQty":"0.00001469","time":1775100292175,"isBuyerMaker":false,"isBestMatch":true},{"id":11429279,"price":"0.00003340","qty":"18.34000000","quoteQty":"0.00061255","time":1775100415749,"isBuyerMaker":false,"isBestMatch":true},{"id":11429280,"price":"0.00003340","qty":"18.34000000","quoteQty":"0.00061255","time":1775100415749,"isBuyerMaker":false,"isBestMatch":true},{"id":11429281,"price":"0.00003340","qty":"0.44000000","quoteQty":"0.00001469","time":1775100415749,"isBuyerMaker":false,"isBestMatch":true},{"id":11429282,"price":"0.00003340","qty":"30.00000000","quoteQty":"0.00100200","time":1775101360560,"isBuyerMaker":true,"isBestMatch":true},{"id":11429283,"price":"0.00003340","qty":"18.43000000","quoteQty":"0.00061556","time":1775101770058,"isBuyerMaker":false,"isBestMatch":true},{"id":11429284,"price":"0.00003340","qty":"36.87000000","quoteQty":"0.00123145","time":1775102466454,"isBuyerMaker":true,"isBestMatch":true},{"id":11429285,"price":"0.00003340","qty":"0.25000000","quoteQty":"0.00000835","time":1775102466454,"isBuyerMaker":true,"isBestMatch":true},{"id":11429286,"price":"0.00003340","qty":"37.12000000","quoteQty":"0.00123980","time":1775105164730,"isBuyerMaker":true,"isBestMatch":true},{"id":11429287,"price":"0.00003340","qty":"0.01000000","quoteQty":"0.00000033","time":1775105304827,"isBuyerMaker":false,"isBestMatch":true},{"id":11429288,"price":"0.00003340","qty":"37.12000000","quoteQty":"0.00123980","time":1775105734253,"isBuyerMaker":true,"isBestMatch":true},{"id":11429289,"price":"0.00003340","qty":"425.28000000","quoteQty":"0.01420435","time":1775105734253,"isBuyerMaker":true,"isBestMatch":true},{"id":11429290,"price":"0.00003340","qty":"221.97000000","quoteQty":"0.00741379","time":1775105734253,"isBuyerMaker":true,"isBestMatch":true},{"id":11429291,"price":"0.00003340","qty":"224.78000000","quoteQty":"0.00750765","time":1775105734253,"isBuyerMaker":true,"isBestMatch":true},{"id":11429292,"price":"0.00003340","qty":"590.85000000","quoteQty":"0.01973439","time":1775105734253,"isBuyerMaker":true,"isBestMatch":true},{"id":11429293,"price":"0.00003340","qty":"5.81000000","quoteQty":"0.00019405","time":1775106061516,"isBuyerMaker":true,"isBestMatch":true},{"id":11429294,"price":"0.00003330","qty":"37.12000000","quoteQty":"0.00123609","time":1775107062294,"isBuyerMaker":true,"isBestMatch":true},{"id":11429295,"price":"0.00003330","qty":"429.90000000","quoteQty":"0.01431567","time":1775107062294,"isBuyerMaker":true,"isBestMatch":true},{"id":11429296,"price":"0.00003320","qty":"21.91000000","quoteQty":"0.00072741","time":1775107062294,"isBuyerMaker":true,"isBestMatch":true},{"id":11429297,"price":"0.00003320","qty":"207.16000000","quoteQty":"0.00687771","time":1775107062294,"isBuyerMaker":true,"isBestMatch":true},{"id":11429298,"price":"0.00003320","qty":"433.37000000","quoteQty":"0.01438788","time":1775107062294,"isBuyerMaker":true,"isBestMatch":true},{"id":11429299,"price":"0.00003320","qty":"370.54000000","quoteQty":"0.01230192","time":1775107062294,"isBuyerMaker":true,"isBestMatch":true},{"id":11429300,"price":"0.00003330","qty":"10.00000000","quoteQty":"0.00033300","time":1775107122694,"isBuyerMaker":true,"isBestMatch":true},{"id":11429301,"price":"0.00003340","qty":"37.12000000","quoteQty":"0.00123980","time":1775108181578,"isBuyerMaker":false,"isBestMatch":true},{"id":11429302,"price":"0.00003350","qty":"37.12000000","quoteQty":"0.00124352","time":1775108857613,"isBuyerMaker":false,"isBestMatch":true},{"id":11429303,"price":"0.00003350","qty":"20.12000000","quoteQty":"0.00067402","time":1775110027932,"isBuyerMaker":false,"isBestMatch":true},{"id":11429304,"price":"0.00003350","qty":"37.12000000","quoteQty":"0.00124352","time":1775113117873,"isBuyerMaker":false,"isBestMatch":true},{"id":11429305,"price":"0.00003350","qty":"422.43000000","quoteQty":"0.01415140","time":1775113117873,"isBuyerMaker":false,"isBestMatch":true},{"id":11429306,"price":"0.00003360","qty":"4.50000000","quoteQty":"0.00015120","time":1775113117873,"isBuyerMaker":false,"isBestMatch":true},{"id":11429307,"price":"0.00003360","qty":"37.12000000","quoteQty":"0.00124723","time":1775113117873,"isBuyerMaker":false,"isBestMatch":true},{"id":11429308,"price":"0.00003360","qty":"410.64000000","quoteQty":"0.01379750","time":1775113117873,"isBuyerMaker":false,"isBestMatch":true},{"id":11429309,"price":"0.00003360","qty":"107.70000000","quoteQty":"0.00361872","time":1775113117873,"isBuyerMaker":false,"isBestMatch":true},{"id":11429310,"price":"0.00003360","qty":"213.11000000","quoteQty":"0.00716049","time":1775113117873,"isBuyerMaker":false,"isBestMatch":true},{"id":11429311,"price":"0.00003360","qty":"267.38000000","quoteQty":"0.00898396","time":1775113117873,"isBuyerMaker":false,"isBestMatch":true},{"id":11429312,"price":"0.00003350","qty":"37.12000000","quoteQty":"0.00124352","time":1775113129937,"isBuyerMaker":false,"isBestMatch":true},{"id":11429313,"price":"0.00003360","qty":"232.62000000","quoteQty":"0.00781603","time":1775113129937,"isBuyerMaker":false,"isBestMatch":true},{"id":11429314,"price":"0.00003360","qty":"224.83000000","quoteQty":"0.00755428","time":1775113129937,"isBuyerMaker":false,"isBestMatch":true},{"id":11429315,"price":"0.00003360","qty":"224.06000000","quoteQty":"0.00752841","time":1775113129937,"isBuyerMaker":false,"isBestMatch":true},{"id":11429316,"price":"0.00003360","qty":"37.12000000","quoteQty":"0.00124723","time":1775113129937,"isBuyerMaker":false,"isBestMatch":true},{"id":11429317,"price":"0.00003360","qty":"407.90000000","quoteQty":"0.01370544","time":1775113129937,"isBuyerMaker":false,"isBestMatch":true},{"id":11429318,"price":"0.00003370","qty":"310.28000000","quoteQty":"0.01045643","time":1775113129937,"isBuyerMaker":false,"isBestMatch":true},{"id":11429319,"price":"0.00003350","qty":"18.33000000","quoteQty":"0.00061405","time":1775113585348,"isBuyerMaker":false,"isBestMatch":true},{"id":11429320,"price":"0.00003350","qty":"18.33000000","quoteQty":"0.00061405","time":1775113585348,"isBuyerMaker":false,"isBestMatch":true},{"id":11429321,"price":"0.00003350","qty":"0.46000000","quoteQty":"0.00001541","time":1775113585348,"isBuyerMaker":false,"isBestMatch":true},{"id":11429322,"price":"0.00003360","qty":"37.12000000","quoteQty":"0.00124723","time":1775114037806,"isBuyerMaker":false,"isBestMatch":true},{"id":11429323,"price":"0.00003350","qty":"18.29000000","quoteQty":"0.00061271","time":1775116284752,"isBuyerMaker":false,"isBestMatch":true},{"id":11429324,"price":"0.00003350","qty":"18.29000000","quoteQty":"0.00061271","time":1775116284752,"isBuyerMaker":false,"isBestMatch":true},{"id":11429325,"price":"0.00003350","qty":"37.12000000","quoteQty":"0.00124352","time":1775120393825,"isBuyerMaker":false,"isBestMatch":true},{"id":11429326,"price":"0.00003350","qty":"37.12000000","quoteQty":"0.00124352","time":1775120393901,"isBuyerMaker":true,"isBestMatch":true},{"id":11429327,"price":"0.00003350","qty":"37.12000000","quoteQty":"0.00124352","time":1775120862762,"isBuyerMaker":false,"isBestMatch":true},{"id":11429328,"price":"0.00003350","qty":"8.98000000","quoteQty":"0.00030083","time":1775120862762,"isBuyerMaker":false,"isBestMatch":true},{"id":11429329,"price":"0.00003350","qty":"87.82000000","quoteQty":"0.00294197","time":1775120862762,"isBuyerMaker":false,"isBestMatch":true},{"id":11429330,"price":"0.00003330","qty":"14.51000000","quoteQty":"0.00048318","time":1775122521534,"isBuyerMaker":true,"isBestMatch":true},{"id":11429331,"price":"0.00003340","qty":"35.58000000","quoteQty":"0.00118837","time":1775122756637,"isBuyerMaker":false,"isBestMatch":true},{"id":11429332,"price":"0.00003340","qty":"220.31000000","quoteQty":"0.00735835","time":1775123816178,"isBuyerMaker":false,"isBestMatch":true},{"id":11429333,"price":"0.00003340","qty":"53.90000000","quoteQty":"0.00180026","time":1775123816178,"isBuyerMaker":false,"isBestMatch":true},{"id":11429334,"price":"0.00003340","qty":"899.95000000","quoteQty":"0.03005833","time":1775123816178,"isBuyerMaker":false,"isBestMatch":true},{"id":11429335,"price":"0.00003350","qty":"37.12000000","quoteQty":"0.00124352","time":1775123816178,"isBuyerMaker":false,"isBestMatch":true},{"id":11429336,"price":"0.00003360","qty":"37.12000000","quoteQty":"0.00124723","time":1775123816178,"isBuyerMaker":false,"isBestMatch":true},{"id":11429337,"price":"0.00003360","qty":"80.82000000","quoteQty":"0.00271555","time":1775123816178,"isBuyerMaker":false,"isBestMatch":true},{"id":11429338,"price":"0.00003360","qty":"37.12000000","quoteQty":"0.00124723","time":1775123819173,"isBuyerMaker":false,"isBestMatch":true},{"id":11429339,"price":"0.00003370","qty":"20.43000000","quoteQty":"0.00068849","time":1775123819173,"isBuyerMaker":false,"isBestMatch":true},{"id":11429340,"price":"0.00003370","qty":"37.12000000","quoteQty":"0.00125094","time":1775123819173,"isBuyerMaker":false,"isBestMatch":true},{"id":11429341,"price":"0.00003370","qty":"60.71000000","quoteQty":"0.00204592","time":1775123819173,"isBuyerMaker":false,"isBestMatch":true},{"id":11429342,"price":"0.00003350","qty":"153.58000000","quoteQty":"0.00514493","time":1775123819176,"isBuyerMaker":false,"isBestMatch":true},{"id":11429343,"price":"0.00003350","qty":"145.83000000","quoteQty":"0.00488530","time":1775123819177,"isBuyerMaker":false,"isBestMatch":true},{"id":11429344,"price":"0.00003350","qty":"114.85000000","quoteQty":"0.00384747","time":1775123819177,"isBuyerMaker":false,"isBestMatch":true},{"id":11429345,"price":"0.00003350","qty":"36.85000000","quoteQty":"0.00123447","time":1775123828202,"isBuyerMaker":true,"isBestMatch":true},{"id":11429346,"price":"0.00003350","qty":"0.27000000","quoteQty":"0.00000904","time":1775123828202,"isBuyerMaker":true,"isBestMatch":true},{"id":11429347,"price":"0.00003340","qty":"18.56000000","quoteQty":"0.00061990","time":1775130622035,"isBuyerMaker":false,"isBestMatch":true},{"id":11429348,"price":"0.00003340","qty":"9.01000000","quoteQty":"0.00030093","time":1775130705329,"isBuyerMaker":false,"isBestMatch":true},{"id":11429349,"price":"0.00003340","qty":"9.01000000","quoteQty":"0.00030093","time":1775130705329,"isBuyerMaker":false,"isBestMatch":true},{"id":11429350,"price":"0.00003340","qty":"0.54000000","quoteQty":"0.00001803","time":1775130705330,"isBuyerMaker":false,"isBestMatch":true},{"id":11429351,"price":"0.00003350","qty":"35.20000000","quoteQty":"0.00117920","time":1775132444486,"isBuyerMaker":false,"isBestMatch":true},{"id":11429352,"price":"0.00003350","qty":"1.92000000","quoteQty":"0.00006432","time":1775132444487,"isBuyerMaker":false,"isBestMatch":true},{"id":11429353,"price":"0.00003340","qty":"36.90000000","quoteQty":"0.00123246","time":1775137202180,"isBuyerMaker":true,"isBestMatch":true},{"id":11429354,"price":"0.00003340","qty":"0.22000000","quoteQty":"0.00000734","time":1775137202180,"isBuyerMaker":true,"isBestMatch":true},{"id":11429355,"price":"0.00003340","qty":"18.18000000","quoteQty":"0.00060721","time":1775137228324,"isBuyerMaker":false,"isBestMatch":true},{"id":11429356,"price":"0.00003340","qty":"34.07000000","quoteQty":"0.00113793","time":1775137615115,"isBuyerMaker":true,"isBestMatch":true},{"id":11429357,"price":"0.00003340","qty":"3.05000000","quoteQty":"0.00010187","time":1775137615115,"isBuyerMaker":true,"isBestMatch":true},{"id":11429358,"price":"0.00003330","qty":"20.59000000","quoteQty":"0.00068564","time":1775137853046,"isBuyerMaker":true,"isBestMatch":true},{"id":11429359,"price":"0.00003340","qty":"37.12000000","quoteQty":"0.00123980","time":1775139664307,"isBuyerMaker":false,"isBestMatch":true},{"id":11429360,"price":"0.00003350","qty":"25.21000000","quoteQty":"0.00084453","time":1775140108174,"isBuyerMaker":false,"isBestMatch":true},{"id":11429361,"price":"0.00003350","qty":"5.85000000","quoteQty":"0.00019597","time":1775140114142,"isBuyerMaker":false,"isBestMatch":true},{"id":11429362,"price":"0.00003350","qty":"5.85000000","quoteQty":"0.00019597","time":1775140114142,"isBuyerMaker":false,"isBestMatch":true},{"id":11429363,"price":"0.00003350","qty":"0.21000000","quoteQty":"0.00000703","time":1775140114142,"isBuyerMaker":false,"isBestMatch":true},{"id":11429364,"price":"0.00003350","qty":"37.12000000","quoteQty":"0.00124352","time":1775140635965,"isBuyerMaker":false,"isBestMatch":true},{"id":11429365,"price":"0.00003350","qty":"37.12000000","quoteQty":"0.00124352","time":1775140794193,"isBuyerMaker":false,"isBestMatch":true},{"id":11429366,"price":"0.00003350","qty":"37.12000000","quoteQty":"0.00124352","time":1775141744798,"isBuyerMaker":false,"isBestMatch":true},{"id":11429367,"price":"0.00003350","qty":"37.12000000","quoteQty":"0.00124352","time":1775141835360,"isBuyerMaker":false,"isBestMatch":true},{"id":11429368,"price":"0.00003340","qty":"37.12000000","quoteQty":"0.00123980","time":1775142797518,"isBuyerMaker":true,"isBestMatch":true},{"id":11429369,"price":"0.00003340","qty":"37.12000000","quoteQty":"0.00123980","time":1775143983050,"isBuyerMaker":false,"isBestMatch":true},{"id":11429370,"price":"0.00003350","qty":"37.12000000","quoteQty":"0.00124352","time":1775144918849,"isBuyerMaker":false,"isBestMatch":true},{"id":11429371,"price":"0.00003340","qty":"37.12000000","quoteQty":"0.00123980","time":1775145634069,"isBuyerMaker":true,"isBestMatch":true},{"id":11429372,"price":"0.00003330","qty":"20.43000000","quoteQty":"0.00068031","time":1775146625848,"isBuyerMaker":true,"isBestMatch":true},{"id":11429373,"price":"0.00003330","qty":"4.33000000","quoteQty":"0.00014418","time":1775146826131,"isBuyerMaker":false,"isBestMatch":true},{"id":11429374,"price":"0.00003330","qty":"32.79000000","quoteQty":"0.00109190","time":1775146851790,"isBuyerMaker":false,"isBestMatch":true},{"id":11429375,"price":"0.00003330","qty":"6.00000000","quoteQty":"0.00019980","time":1775147243103,"isBuyerMaker":true,"isBestMatch":true},{"id":11429376,"price":"0.00003340","qty":"37.12000000","quoteQty":"0.00123980","time":1775148010525,"isBuyerMaker":false,"isBestMatch":true},{"id":11429377,"price":"0.00003340","qty":"29.94000000","quoteQty":"0.00099999","time":1775148242252,"isBuyerMaker":false,"isBestMatch":true},{"id":11429378,"price":"0.00003340","qty":"7.18000000","quoteQty":"0.00023981","time":1775148364296,"isBuyerMaker":false,"isBestMatch":true},{"id":11429379,"price":"0.00003340","qty":"44.02000000","quoteQty":"0.00147026","time":1775148364296,"isBuyerMaker":false,"isBestMatch":true},{"id":11429380,"price":"0.00003340","qty":"102.99000000","quoteQty":"0.00343986","time":1775148364296,"isBuyerMaker":false,"isBestMatch":true},{"id":11429381,"price":"0.00003340","qty":"37.12000000","quoteQty":"0.00123980","time":1775148364298,"isBuyerMaker":false,"isBestMatch":true},{"id":11429382,"price":"0.00003340","qty":"65.87000000","quoteQty":"0.00220005","time":1775148364353,"isBuyerMaker":true,"isBestMatch":true},{"id":11429383,"price":"0.00003330","qty":"4.85000000","quoteQty":"0.00016150","time":1775148709176,"isBuyerMaker":true,"isBestMatch":true},{"id":11429384,"price":"0.00003340","qty":"37.12000000","quoteQty":"0.00123980","time":1775153241917,"isBuyerMaker":false,"isBestMatch":true},{"id":11429385,"price":"0.00003340","qty":"32.73000000","quoteQty":"0.00109318","time":1775154313621,"isBuyerMaker":true,"isBestMatch":true},{"id":11429386,"price":"0.00003340","qty":"4.39000000","quoteQty":"0.00014662","time":1775154670276,"isBuyerMaker":true,"isBestMatch":true},{"id":11429387,"price":"0.00003340","qty":"14.01000000","quoteQty":"0.00046793","time":1775154670276,"isBuyerMaker":true,"isBestMatch":true},{"id":11429388,"price":"0.00003340","qty":"111.85000000","quoteQty":"0.00373579","time":1775155539560,"isBuyerMaker":true,"isBestMatch":true},{"id":11429389,"price":"0.00003340","qty":"5.45000000","quoteQty":"0.00018203","time":1775156682998,"isBuyerMaker":true,"isBestMatch":true},{"id":11429390,"price":"0.00003340","qty":"31.27000000","quoteQty":"0.00104441","time":1775157056442,"isBuyerMaker":true,"isBestMatch":true},{"id":11429391,"price":"0.00003340","qty":"0.40000000","quoteQty":"0.00001336","time":1775157056444,"isBuyerMaker":true,"isBestMatch":true},{"id":11429392,"price":"0.00003330","qty":"4.30000000","quoteQty":"0.00014319","time":1775157142630,"isBuyerMaker":true,"isBestMatch":true},{"id":11429393,"price":"0.00003340","qty":"6.26000000","quoteQty":"0.00020908","time":1775160040136,"isBuyerMaker":false,"isBestMatch":true},{"id":11429394,"price":"0.00003340","qty":"6.26000000","quoteQty":"0.00020908","time":1775160040136,"isBuyerMaker":false,"isBestMatch":true},{"id":11429395,"price":"0.00003340","qty":"6.26000000","quoteQty":"0.00020908","time":1775160040137,"isBuyerMaker":false,"isBestMatch":true},{"id":11429396,"price":"0.00003340","qty":"6.26000000","quoteQty":"0.00020908","time":1775160040137,"isBuyerMaker":false,"isBestMatch":true},{"id":11429397,"price":"0.00003340","qty":"12.08000000","quoteQty":"0.00040347","time":1775160040138,"isBuyerMaker":false,"isBestMatch":true},{"id":11429398,"price":"0.00003350","qty":"11.58000000","quoteQty":"0.00038793","time":1775161318483,"isBuyerMaker":false,"isBestMatch":true},{"id":11429399,"price":"0.00003350","qty":"11.58000000","quoteQty":"0.00038793","time":1775161318483,"isBuyerMaker":false,"isBestMatch":true},{"id":11429400,"price":"0.00003350","qty":"11.58000000","quoteQty":"0.00038793","time":1775161318483,"isBuyerMaker":false,"isBestMatch":true},{"id":11429401,"price":"0.00003350","qty":"2.38000000","quoteQty":"0.00007973","time":1775161318483,"isBuyerMaker":false,"isBestMatch":true},{"id":11429402,"price":"0.00003340","qty":"442.30000000","quoteQty":"0.01477282","time":1775162837381,"isBuyerMaker":true,"isBestMatch":true},{"id":11429403,"price":"0.00003340","qty":"37.12000000","quoteQty":"0.00123980","time":1775162837381,"isBuyerMaker":true,"isBestMatch":true},{"id":11429404,"price":"0.00003340","qty":"222.24000000","quoteQty":"0.00742281","time":1775162837381,"isBuyerMaker":true,"isBestMatch":true},{"id":11429405,"price":"0.00003340","qty":"206.55000000","quoteQty":"0.00689877","time":1775162837381,"isBuyerMaker":true,"isBestMatch":true},{"id":11429406,"price":"0.00003340","qty":"598.80000000","quoteQty":"0.01999992","time":1775162837381,"isBuyerMaker":true,"isBestMatch":true},{"id":11429407,"price":"0.00003340","qty":"9.29000000","quoteQty":"0.00031028","time":1775162837381,"isBuyerMaker":true,"isBestMatch":true},{"id":11429408,"price":"0.00003340","qty":"103.12000000","quoteQty":"0.00344420","time":1775162837382,"isBuyerMaker":false,"isBestMatch":true},{"id":11429409,"price":"0.00003340","qty":"103.12000000","quoteQty":"0.00344420","time":1775162837382,"isBuyerMaker":false,"isBestMatch":true},{"id":11429410,"price":"0.00003340","qty":"753.94000000","quoteQty":"0.02518159","time":1775162837383,"isBuyerMaker":false,"isBestMatch":true},{"id":11429411,"price":"0.00003340","qty":"37.11000000","quoteQty":"0.00123947","time":1775163077877,"isBuyerMaker":true,"isBestMatch":true},{"id":11429412,"price":"0.00003340","qty":"0.01000000","quoteQty":"0.00000033","time":1775163077877,"isBuyerMaker":true,"isBestMatch":true},{"id":11429413,"price":"0.00003340","qty":"18.32000000","quoteQty":"0.00061188","time":1775169357670,"isBuyerMaker":false,"isBestMatch":true},{"id":11429414,"price":"0.00003340","qty":"18.32000000","quoteQty":"0.00061188","time":1775169357670,"isBuyerMaker":false,"isBestMatch":true},{"id":11429415,"price":"0.00003340","qty":"0.48000000","quoteQty":"0.00001603","time":1775169357670,"isBuyerMaker":false,"isBestMatch":true},{"id":11429416,"price":"0.00003350","qty":"17.37000000","quoteQty":"0.00058189","time":1775172118743,"isBuyerMaker":false,"isBestMatch":true},{"id":11429417,"price":"0.00003350","qty":"17.37000000","quoteQty":"0.00058189","time":1775172118743,"isBuyerMaker":false,"isBestMatch":true},{"id":11429418,"price":"0.00003350","qty":"2.38000000","quoteQty":"0.00007973","time":1775172118743,"isBuyerMaker":false,"isBestMatch":true},{"id":11429419,"price":"0.00003350","qty":"104.08000000","quoteQty":"0.00348668","time":1775172360334,"isBuyerMaker":false,"isBestMatch":true},{"id":11429420,"price":"0.00003360","qty":"30.16000000","quoteQty":"0.00101337","time":1775175684869,"isBuyerMaker":true,"isBestMatch":true},{"id":11429421,"price":"0.00003360","qty":"14.47000000","quoteQty":"0.00048619","time":1775176110676,"isBuyerMaker":false,"isBestMatch":true},{"id":11429422,"price":"0.00003370","qty":"4.15000000","quoteQty":"0.00013985","time":1775176492182,"isBuyerMaker":false,"isBestMatch":true},{"id":11429423,"price":"0.00003370","qty":"20.43000000","quoteQty":"0.00068849","time":1775177403081,"isBuyerMaker":false,"isBestMatch":true},{"id":11429424,"price":"0.00003380","qty":"15.59000000","quoteQty":"0.00052694","time":1775177670905,"isBuyerMaker":true,"isBestMatch":true},{"id":11429425,"price":"0.00003380","qty":"5.91000000","quoteQty":"0.00019975","time":1775178393668,"isBuyerMaker":false,"isBestMatch":true},{"id":11429426,"price":"0.00003370","qty":"37.12000000","quoteQty":"0.00125094","time":1775178425614,"isBuyerMaker":true,"isBestMatch":true},{"id":11429427,"price":"0.00003370","qty":"28.52000000","quoteQty":"0.00096112","time":1775178916345,"isBuyerMaker":false,"isBestMatch":true},{"id":11429428,"price":"0.00003370","qty":"37.12000000","quoteQty":"0.00125094","time":1775180318687,"isBuyerMaker":true,"isBestMatch":true},{"id":11429429,"price":"0.00003370","qty":"0.02000000","quoteQty":"0.00000067","time":1775180388467,"isBuyerMaker":false,"isBestMatch":true},{"id":11429430,"price":"0.00003370","qty":"37.12000000","quoteQty":"0.00125094","time":1775180418148,"isBuyerMaker":true,"isBestMatch":true},{"id":11429431,"price":"0.00003370","qty":"37.12000000","quoteQty":"0.00125094","time":1775181134545,"isBuyerMaker":false,"isBestMatch":true},{"id":11429432,"price":"0.00003370","qty":"123.34000000","quoteQty":"0.00415655","time":1775181134545,"isBuyerMaker":false,"isBestMatch":true},{"id":11429433,"price":"0.00003360","qty":"37.12000000","quoteQty":"0.00124723","time":1775181191021,"isBuyerMaker":true,"isBestMatch":true},{"id":11429434,"price":"0.00003360","qty":"6.57000000","quoteQty":"0.00022075","time":1775181191021,"isBuyerMaker":true,"isBestMatch":true},{"id":11429435,"price":"0.00003380","qty":"31.21000000","quoteQty":"0.00105489","time":1775182810300,"isBuyerMaker":false,"isBestMatch":true},{"id":11429436,"price":"0.00003380","qty":"37.12000000","quoteQty":"0.00125465","time":1775184191751,"isBuyerMaker":false,"isBestMatch":true},{"id":11429437,"price":"0.00003380","qty":"37.12000000","quoteQty":"0.00125465","time":1775184192551,"isBuyerMaker":false,"isBestMatch":true}