[{"a":146121209,"p":"2.29600000","q":"56.45000000","f":232783344,"l":232783345,"T":1775298091742,"m":true,"M":true},{"a":146121210,"p":"2.29600000","q":"34.64000000","f":232783346,"l":232783348,"T":1775298110780,"m":true,"M":true},{"a":146121211,"p":"2.29700000","q":"768.69000000","f":232783349,"l":232783353,"T":1775298141625,"m":false,"M":true},{"a":146121212,"p":"2.29800000","q":"125.11000000","f":232783354,"l":232783356,"T":1775298189754,"m":false,"M":true},{"a":146121213,"p":"2.29900000","q":"87.73000000","f":232783357,"l":232783357,"T":1775298201550,"m":false,"M":true},{"a":146121214,"p":"2.29900000","q":"255.36000000","f":232783358,"l":232783363,"T":1775298211170,"m":false,"M":true},{"a":146121215,"p":"2.29900000","q":"58.31000000","f":232783364,"l":232783368,"T":1775298212651,"m":false,"M":true},{"a":146121216,"p":"2.30000000","q":"230.40000000","f":232783369,"l":232783375,"T":1775298376624,"m":false,"M":true},{"a":146121217,"p":"2.30000000","q":"184.01000000","f":232783376,"l":232783376,"T":1775298376782,"m":true,"M":true},{"a":146121218,"p":"2.30000000","q":"736.06000000","f":232783377,"l":232783384,"T":1775298393893,"m":true,"M":true},{"a":146121219,"p":"2.29900000","q":"623.94000000","f":232783385,"l":232783387,"T":1775298393893,"m":true,"M":true},{"a":146121220,"p":"2.30100000","q":"2.21000000","f":232783388,"l":232783388,"T":1775298396564,"m":false,"M":true},{"a":146121221,"p":"2.30000000","q":"291.71000000","f":232783389,"l":232783392,"T":1775298403017,"m":true,"M":true},{"a":146121222,"p":"2.30000000","q":"123.84000000","f":232783393,"l":232783394,"T":1775298403527,"m":true,"M":true},{"a":146121223,"p":"2.30100000","q":"2.73000000","f":232783395,"l":232783396,"T":1775298413634,"m":false,"M":true},{"a":146121224,"p":"2.30000000","q":"4.05000000","f":232783397,"l":232783397,"T":1775298413634,"m":true,"M":true},{"a":146121225,"p":"2.30000000","q":"302.17000000","f":232783398,"l":232783401,"T":1775298419756,"m":true,"M":true},{"a":146121226,"p":"2.29900000","q":"109.58000000","f":232783402,"l":232783404,"T":1775298431646,"m":true,"M":true},{"a":146121227,"p":"2.29900000","q":"9.46000000","f":232783405,"l":232783405,"T":1775298431647,"m":true,"M":true},{"a":146121228,"p":"2.29900000","q":"657.55000000","f":232783406,"l":232783407,"T":1775298462122,"m":false,"M":true},{"a":146121229,"p":"2.30000000","q":"64.49000000","f":232783408,"l":232783408,"T":1775298477661,"m":false,"M":true},{"a":146121230,"p":"2.30000000","q":"105.48000000","f":232783409,"l":232783409,"T":1775298477661,"m":false,"M":true},{"a":146121231,"p":"2.30000000","q":"7.66000000","f":232783410,"l":232783410,"T":1775298543923,"m":true,"M":true},{"a":146121232,"p":"2.30100000","q":"111.15000000","f":232783411,"l":232783416,"T":1775298666478,"m":false,"M":true},{"a":146121233,"p":"2.30100000","q":"175.86000000","f":232783417,"l":232783418,"T":1775298686410,"m":true,"M":true},{"a":146121234,"p":"2.30100000","q":"12.95000000","f":232783419,"l":232783419,"T":1775298686411,"m":true,"M":true},{"a":146121235,"p":"2.30100000","q":"157.11000000","f":232783420,"l":232783422,"T":1775298686413,"m":true,"M":true},{"a":146121236,"p":"2.30100000","q":"93.03000000","f":232783423,"l":232783424,"T":1775298686420,"m":true,"M":true},{"a":146121237,"p":"2.30100000","q":"27.38000000","f":232783425,"l":232783426,"T":1775298726765,"m":false,"M":true},{"a":146121238,"p":"2.30200000","q":"132.00000000","f":232783427,"l":232783431,"T":1775298726766,"m":false,"M":true},{"a":146121239,"p":"2.30200000","q":"86.61000000","f":232783432,"l":232783432,"T":1775298727312,"m":false,"M":true},{"a":146121240,"p":"2.30200000","q":"122.46000000","f":232783433,"l":232783434,"T":1775298735264,"m":false,"M":true},{"a":146121241,"p":"2.30300000","q":"2066.75000000","f":232783435,"l":232783446,"T":1775298735264,"m":false,"M":true},{"a":146121242,"p":"2.30300000","q":"43.10000000","f":232783447,"l":232783447,"T":1775298735399,"m":false,"M":true},{"a":146121243,"p":"2.30300000","q":"7.30000000","f":232783448,"l":232783449,"T":1775298759573,"m":false,"M":true},{"a":146121244,"p":"2.30300000","q":"4.00000000","f":232783450,"l":232783450,"T":1775298769159,"m":false,"M":true},{"a":146121245,"p":"2.30300000","q":"7.98000000","f":232783451,"l":232783451,"T":1775298775848,"m":false,"M":true},{"a":146121246,"p":"2.30400000","q":"30.79000000","f":232783452,"l":232783455,"T":1775298795765,"m":false,"M":true},{"a":146121247,"p":"2.30400000","q":"559.01000000","f":232783456,"l":232783461,"T":1775298835991,"m":true,"M":true},{"a":146121248,"p":"2.30400000","q":"96.16000000","f":232783462,"l":232783462,"T":1775298837420,"m":false,"M":true},{"a":146121249,"p":"2.30300000","q":"43.40000000","f":232783463,"l":232783464,"T":1775298874384,"m":true,"M":true},{"a":146121250,"p":"2.30400000","q":"55.08000000","f":232783465,"l":232783465,"T":1775298883643,"m":false,"M":true},{"a":146121251,"p":"2.30500000","q":"6.00000000","f":232783466,"l":232783466,"T":1775298910379,"m":false,"M":true},{"a":146121252,"p":"2.30500000","q":"6.00000000","f":232783467,"l":232783467,"T":1775298910380,"m":false,"M":true},{"a":146121253,"p":"2.30500000","q":"8.00000000","f":232783468,"l":232783468,"T":1775298910381,"m":false,"M":true},{"a":146121254,"p":"2.30500000","q":"6.00000000","f":232783469,"l":232783469,"T":1775298910383,"m":false,"M":true},{"a":146121255,"p":"2.30400000","q":"179.26000000","f":232783470,"l":232783471,"T":1775298933289,"m":true,"M":true},{"a":146121256,"p":"2.30500000","q":"82.25000000","f":232783472,"l":232783472,"T":1775298973138,"m":false,"M":true},{"a":146121257,"p":"2.30400000","q":"10.00000000","f":232783473,"l":232783473,"T":1775298996735,"m":true,"M":true},{"a":146121258,"p":"2.30500000","q":"6.62000000","f":232783474,"l":232783475,"T":1775299003660,"m":false,"M":true},{"a":146121259,"p":"2.30500000","q":"37.65000000","f":232783476,"l":232783478,"T":1775299018138,"m":false,"M":true},{"a":146121260,"p":"2.30400000","q":"820.59000000","f":232783479,"l":232783486,"T":1775299035169,"m":true,"M":true},{"a":146121261,"p":"2.30400000","q":"7.00000000","f":232783487,"l":232783487,"T":1775299035200,"m":false,"M":true},{"a":146121262,"p":"2.30400000","q":"10.00000000","f":232783488,"l":232783488,"T":1775299035200,"m":false,"M":true},{"a":146121263,"p":"2.30400000","q":"7.00000000","f":232783489,"l":232783489,"T":1775299035201,"m":false,"M":true},{"a":146121264,"p":"2.30400000","q":"7.00000000","f":232783490,"l":232783490,"T":1775299035201,"m":false,"M":true},{"a":146121265,"p":"2.30400000","q":"10.00000000","f":232783491,"l":232783491,"T":1775299035201,"m":false,"M":true},{"a":146121266,"p":"2.30400000","q":"7.00000000","f":232783492,"l":232783492,"T":1775299035202,"m":false,"M":true},{"a":146121267,"p":"2.30400000","q":"7.00000000","f":232783493,"l":232783493,"T":1775299035202,"m":false,"M":true},{"a":146121268,"p":"2.30400000","q":"7.00000000","f":232783494,"l":232783494,"T":1775299035204,"m":false,"M":true},{"a":146121269,"p":"2.30400000","q":"5.39000000","f":232783495,"l":232783495,"T":1775299035219,"m":false,"M":true},{"a":146121270,"p":"2.30500000","q":"80.69000000","f":232783496,"l":232783496,"T":1775299038138,"m":false,"M":true},{"a":146121271,"p":"2.30500000","q":"131.00000000","f":232783497,"l":232783498,"T":1775299046763,"m":false,"M":true},{"a":146121272,"p":"2.30500000","q":"63.41000000","f":232783499,"l":232783501,"T":1775299046763,"m":false,"M":true},{"a":146121273,"p":"2.30500000","q":"182.92000000","f":232783502,"l":232783502,"T":1775299046791,"m":true,"M":true},{"a":146121274,"p":"2.30500000","q":"8.67000000","f":232783503,"l":232783503,"T":1775299059954,"m":true,"M":true},{"a":146121275,"p":"2.30600000","q":"29.25000000","f":232783504,"l":232783505,"T":1775299083138,"m":false,"M":true},{"a":146121276,"p":"2.30600000","q":"37.68000000","f":232783506,"l":232783506,"T":1775299098138,"m":false,"M":true},{"a":146121277,"p":"2.30600000","q":"173.00000000","f":232783507,"l":232783509,"T":1775299115160,"m":false,"M":true},{"a":146121278,"p":"2.30600000","q":"18.41000000","f":232783510,"l":232783511,"T":1775299115161,"m":false,"M":true},{"a":146121279,"p":"2.30700000","q":"43.10000000","f":232783512,"l":232783513,"T":1775299115295,"m":false,"M":true},{"a":146121280,"p":"2.30700000","q":"76.19000000","f":232783514,"l":232783514,"T":1775299118138,"m":false,"M":true},{"a":146121281,"p":"2.30700000","q":"237.36000000","f":232783515,"l":232783517,"T":1775299125197,"m":false,"M":true},{"a":146121282,"p":"2.30800000","q":"23.57000000","f":232783518,"l":232783519,"T":1775299130318,"m":false,"M":true},{"a":146121283,"p":"2.30800000","q":"6.37000000","f":232783520,"l":232783520,"T":1775299134542,"m":false,"M":true},{"a":146121284,"p":"2.30900000","q":"14.58000000","f":232783521,"l":232783522,"T":1775299135725,"m":false,"M":true},{"a":146121285,"p":"2.31000000","q":"4.34000000","f":232783523,"l":232783523,"T":1775299136779,"m":false,"M":true},{"a":146121286,"p":"2.31100000","q":"38.76000000","f":232783524,"l":232783524,"T":1775299136779,"m":false,"M":true},{"a":146121287,"p":"2.31100000","q":"58.41000000","f":232783525,"l":232783525,"T":1775299158138,"m":false,"M":true},{"a":146121288,"p":"2.31000000","q":"869.67000000","f":232783526,"l":232783529,"T":1775299172016,"m":true,"M":true},{"a":146121289,"p":"2.30900000","q":"10.84000000","f":232783530,"l":232783532,"T":1775299172213,"m":true,"M":true},{"a":146121290,"p":"2.30800000","q":"10.84000000","f":232783533,"l":232783535,"T":1775299184198,"m":true,"M":true},{"a":146121291,"p":"2.30800000","q":"53.71000000","f":232783536,"l":232783536,"T":1775299193138,"m":false,"M":true},{"a":146121292,"p":"2.30800000","q":"35.60000000","f":232783537,"l":232783537,"T":1775299207412,"m":false,"M":true},{"a":146121293,"p":"2.30800000","q":"47.00000000","f":232783538,"l":232783538,"T":1775299219478,"m":true,"M":true},{"a":146121294,"p":"2.30800000","q":"32.54000000","f":232783539,"l":232783539,"T":1775299223138,"m":false,"M":true},{"a":146121295,"p":"2.30800000","q":"174.19000000","f":232783540,"l":232783542,"T":1775299223140,"m":false,"M":true},{"a":146121296,"p":"2.30800000","q":"2.37000000","f":232783543,"l":232783543,"T":1775299228933,"m":true,"M":true},{"a":146121297,"p":"2.30900000","q":"52.77000000","f":232783544,"l":232783546,"T":1775299238138,"m":false,"M":true},{"a":146121298,"p":"2.30900000","q":"18.57000000","f":232783547,"l":232783547,"T":1775299239237,"m":false,"M":true},{"a":146121299,"p":"2.30900000","q":"18.17000000","f":232783548,"l":232783548,"T":1775299239237,"m":false,"M":true},{"a":146121300,"p":"2.30900000","q":"14.67000000","f":232783549,"l":232783549,"T":1775299239239,"m":false,"M":true},{"a":146121301,"p":"2.31000000","q":"43.60000000","f":232783550,"l":232783550,"T":1775299268139,"m":false,"M":true},{"a":146121302,"p":"2.31000000","q":"317.80000000","f":232783551,"l":232783555,"T":1775299273979,"m":false,"M":true},{"a":146121303,"p":"2.31100000","q":"500.00000000","f":232783556,"l":232783559,"T":1775299273988,"m":false,"M":true},{"a":146121304,"p":"2.31100000","q":"531.24000000","f":232783560,"l":232783566,"T":1775299273988,"m":false,"M":true},{"a":146121305,"p":"2.31200000","q":"2.39000000","f":232783567,"l":232783567,"T":1775299274036,"m":false,"M":true},{"a":146121306,"p":"2.31200000","q":"4.32000000","f":232783568,"l":232783569,"T":1775299274112,"m":false,"M":true},{"a":146121307,"p":"2.31200000","q":"47.03000000","f":232783570,"l":232783574,"T":1775299274118,"m":false,"M":true},{"a":146121308,"p":"2.31300000","q":"43.10000000","f":232783575,"l":232783575,"T":1775299274174,"m":false,"M":true},{"a":146121309,"p":"2.31200000","q":"7.50000000","f":232783576,"l":232783576,"T":1775299274314,"m":true,"M":true},{"a":146121310,"p":"2.31200000","q":"149.22000000","f":232783577,"l":232783577,"T":1775299278018,"m":true,"M":true},{"a":146121311,"p":"2.31100000","q":"458.32000000","f":232783578,"l":232783579,"T":1775299292311,"m":true,"M":true},{"a":146121312,"p":"2.31100000","q":"59.02000000","f":232783580,"l":232783580,"T":1775299293138,"m":false,"M":true},{"a":146121313,"p":"2.31100000","q":"46.67000000","f":232783581,"l":232783581,"T":1775299323138,"m":false,"M":true},{"a":146121314,"p":"2.31100000","q":"39.75000000","f":232783582,"l":232783582,"T":1775299348138,"m":false,"M":true},{"a":146121315,"p":"2.31100000","q":"57.63000000","f":232783583,"l":232783584,"T":1775299373138,"m":false,"M":true},{"a":146121316,"p":"2.31100000","q":"235.76000000","f":232783585,"l":232783588,"T":1775299380252,"m":false,"M":true},{"a":146121317,"p":"2.31200000","q":"42.65000000","f":232783589,"l":232783590,"T":1775299403138,"m":false,"M":true},{"a":146121318,"p":"2.31200000","q":"41.93000000","f":232783591,"l":232783591,"T":1775299423138,"m":false,"M":true},{"a":146121319,"p":"2.31200000","q":"49.39000000","f":232783592,"l":232783592,"T":1775299448138,"m":false,"M":true},{"a":146121320,"p":"2.31200000","q":"38.56000000","f":232783593,"l":232783597,"T":1775299478138,"m":false,"M":true},{"a":146121321,"p":"2.31100000","q":"553.24000000","f":232783598,"l":232783599,"T":1775299484072,"m":true,"M":true},{"a":146121322,"p":"2.31100000","q":"42.31000000","f":232783600,"l":232783600,"T":1775299498138,"m":false,"M":true},{"a":146121323,"p":"2.31100000","q":"17.48000000","f":232783601,"l":232783601,"T":1775299500224,"m":false,"M":true},{"a":146121324,"p":"2.31100000","q":"157.70000000","f":232783602,"l":232783604,"T":1775299502552,"m":false,"M":true},{"a":146121325,"p":"2.31100000","q":"0.58000000","f":232783605,"l":232783605,"T":1775299502553,"m":false,"M":true},{"a":146121326,"p":"2.31200000","q":"416.82000000","f":232783606,"l":232783609,"T":1775299502553,"m":false,"M":true},{"a":146121327,"p":"2.31200000","q":"138.33000000","f":232783610,"l":232783614,"T":1775299502585,"m":false,"M":true},{"a":146121328,"p":"2.31300000","q":"78.77000000","f":232783615,"l":232783617,"T":1775299502585,"m":false,"M":true},{"a":146121329,"p":"2.31200000","q":"178.98000000","f":232783618,"l":232783619,"T":1775299502806,"m":true,"M":true},{"a":146121330,"p":"2.31200000","q":"177.06000000","f":232783620,"l":232783620,"T":1775299502816,"m":false,"M":true},{"a":146121331,"p":"2.31100000","q":"12.72000000","f":232783621,"l":232783621,"T":1775299505261,"m":true,"M":true},{"a":146121332,"p":"2.31200000","q":"44.89000000","f":232783622,"l":232783622,"T":1775299523138,"m":false,"M":true},{"a":146121333,"p":"2.31200000","q":"86.50000000","f":232783623,"l":232783623,"T":1775299534229,"m":false,"M":true},{"a":146121334,"p":"2.31200000","q":"73.26000000","f":232783624,"l":232783627,"T":1775299543138,"m":false,"M":true},{"a":146121335,"p":"2.31100000","q":"5.48000000","f":232783628,"l":232783628,"T":1775299544573,"m":true,"M":true},{"a":146121336,"p":"2.31100000","q":"96.09000000","f":232783629,"l":232783629,"T":1775299547434,"m":true,"M":true},{"a":146121337,"p":"2.31200000","q":"20.00000000","f":232783630,"l":232783630,"T":1775299562970,"m":false,"M":true},{"a":146121338,"p":"2.31200000","q":"421.11000000","f":232783631,"l":232783635,"T":1775299584651,"m":false,"M":true},{"a":146121339,"p":"2.31200000","q":"541.54000000","f":232783636,"l":232783636,"T":1775299584653,"m":true,"M":true},{"a":146121340,"p":"2.31200000","q":"76.49000000","f":232783637,"l":232783638,"T":1775299588138,"m":false,"M":true},{"a":146121341,"p":"2.31100000","q":"4.40000000","f":232783639,"l":232783639,"T":1775299613535,"m":true,"M":true},{"a":146121342,"p":"2.31100000","q":"200.72000000","f":232783640,"l":232783643,"T":1775299624949,"m":true,"M":true},{"a":146121343,"p":"2.31100000","q":"4.18000000","f":232783644,"l":232783644,"T":1775299624949,"m":true,"M":true},{"a":146121344,"p":"2.31100000","q":"79.51000000","f":232783645,"l":232783645,"T":1775299628138,"m":false,"M":true},{"a":146121345,"p":"2.31000000","q":"29.96000000","f":232783646,"l":232783647,"T":1775299648195,"m":true,"M":true},{"a":146121346,"p":"2.31100000","q":"31.67000000","f":232783648,"l":232783648,"T":1775299673138,"m":false,"M":true},{"a":146121347,"p":"2.31000000","q":"442.59000000","f":232783649,"l":232783651,"T":1775299673569,"m":true,"M":true},{"a":146121348,"p":"2.31000000","q":"67.89000000","f":232783652,"l":232783652,"T":1775299688138,"m":false,"M":true},{"a":146121349,"p":"2.31000000","q":"3.75000000","f":232783653,"l":232783653,"T":1775299690079,"m":false,"M":true},{"a":146121350,"p":"2.30900000","q":"32.89000000","f":232783654,"l":232783655,"T":1775299695486,"m":true,"M":true},{"a":146121351,"p":"2.30900000","q":"43.47000000","f":232783656,"l":232783658,"T":1775299728138,"m":false,"M":true},{"a":146121352,"p":"2.30900000","q":"4.32000000","f":232783659,"l":232783659,"T":1775299746446,"m":false,"M":true},{"a":146121353,"p":"2.30900000","q":"34.64000000","f":232783660,"l":232783661,"T":1775299750902,"m":false,"M":true},{"a":146121354,"p":"2.30900000","q":"27.00000000","f":232783662,"l":232783662,"T":1775299751842,"m":false,"M":true},{"a":146121355,"p":"2.30900000","q":"44.21000000","f":232783663,"l":232783663,"T":1775299751842,"m":false,"M":true},{"a":146121356,"p":"2.30900000","q":"49.23000000","f":232783664,"l":232783664,"T":1775299751842,"m":false,"M":true},{"a":146121357,"p":"2.31000000","q":"34.64000000","f":232783665,"l":232783665,"T":1775299751975,"m":false,"M":true},{"a":146121358,"p":"2.31000000","q":"22.87000000","f":232783666,"l":232783666,"T":1775299751975,"m":false,"M":true},{"a":146121359,"p":"2.31000000","q":"46.97000000","f":232783667,"l":232783667,"T":1775299751975,"m":false,"M":true},{"a":146121360,"p":"2.31000000","q":"191.25000000","f":232783668,"l":232783668,"T":1775299751975,"m":false,"M":true},{"a":146121361,"p":"2.31000000","q":"32.93000000","f":232783669,"l":232783669,"T":1775299751976,"m":false,"M":true},{"a":146121362,"p":"2.31000000","q":"143.27000000","f":232783670,"l":232783670,"T":1775299751990,"m":false,"M":true},{"a":146121363,"p":"2.31000000","q":"134.59000000","f":232783671,"l":232783671,"T":1775299751991,"m":false,"M":true},{"a":146121364,"p":"2.31000000","q":"60.57000000","f":232783672,"l":232783672,"T":1775299751991,"m":false,"M":true},{"a":146121365,"p":"2.31000000","q":"63.14000000","f":232783673,"l":232783673,"T":1775299753138,"m":false,"M":true},{"a":146121366,"p":"2.31000000","q":"15.73000000","f":232783674,"l":232783674,"T":1775299753235,"m":false,"M":true},{"a":146121367,"p":"2.31000000","q":"934.65000000","f":232783675,"l":232783679,"T":1775299753285,"m":false,"M":true},{"a":146121368,"p":"2.31100000","q":"62.33000000","f":232783680,"l":232783682,"T":1775299783138,"m":false,"M":true},{"a":146121369,"p":"2.31000000","q":"48.00000000","f":232783683,"l":232783683,"T":1775299795143,"m":true,"M":true},{"a":146121370,"p":"2.31100000","q":"29.51000000","f":232783684,"l":232783685,"T":1775299818138,"m":false,"M":true},{"a":146121371,"p":"2.31000000","q":"63.11000000","f":232783686,"l":232783686,"T":1775299830155,"m":true,"M":true},{"a":146121372,"p":"2.31100000","q":"30.86000000","f":232783687,"l":232783687,"T":1775299838138,"m":false,"M":true},{"a":146121373,"p":"2.31100000","q":"68.90000000","f":232783688,"l":232783689,"T":1775299853137,"m":false,"M":true},{"a":146121374,"p":"2.31000000","q":"37.96000000","f":232783690,"l":232783690,"T":1775299855142,"m":true,"M":true},{"a":146121375,"p":"2.31000000","q":"3.00000000","f":232783691,"l":232783691,"T":1775299856834,"m":true,"M":true},{"a":146121376,"p":"2.31100000","q":"85.92000000","f":232783692,"l":232783694,"T":1775299858875,"m":false,"M":true},{"a":146121377,"p":"2.31000000","q":"35.53000000","f":232783695,"l":232783695,"T":1775299885140,"m":true,"M":true},{"a":146121378,"p":"2.31100000","q":"76.63000000","f":232783696,"l":232783697,"T":1775299888138,"m":false,"M":true},{"a":146121379,"p":"2.31000000","q":"32.51000000","f":232783698,"l":232783699,"T":1775299915140,"m":true,"M":true},{"a":146121380,"p":"2.31100000","q":"48.70000000","f":232783700,"l":232783700,"T":1775299928138,"m":false,"M":true},{"a":146121381,"p":"2.31100000","q":"35.98000000","f":232783701,"l":232783702,"T":1775299937486,"m":false,"M":true},{"a":146121382,"p":"2.31100000","q":"647.64000000","f":232783703,"l":232783705,"T":1775299937516,"m":true,"M":true},{"a":146121383,"p":"2.31100000","q":"64.51000000","f":232783706,"l":232783706,"T":1775299958138,"m":false,"M":true},{"a":146121384,"p":"2.31100000","q":"45.20000000","f":232783707,"l":232783707,"T":1775299993138,"m":false,"M":true},{"a":146121385,"p":"2.31100000","q":"4.75000000","f":232783708,"l":232783708,"T":1775299995380,"m":false,"M":true},{"a":146121386,"p":"2.31100000","q":"33.38000000","f":232783709,"l":232783710,"T":1775300018138,"m":false,"M":true},{"a":146121387,"p":"2.31100000","q":"801.47000000","f":232783711,"l":232783715,"T":1775300022178,"m":false,"M":true},{"a":146121388,"p":"2.31200000","q":"34.22000000","f":232783716,"l":232783719,"T":1775300038138,"m":false,"M":true},{"a":146121389,"p":"2.31200000","q":"4.19000000","f":232783720,"l":232783720,"T":1775300050517,"m":false,"M":true},{"a":146121390,"p":"2.31200000","q":"49.25000000","f":232783721,"l":232783721,"T":1775300053138,"m":false,"M":true},{"a":146121391,"p":"2.31200000","q":"60.42000000","f":232783722,"l":232783722,"T":1775300083138,"m":false,"M":true},{"a":146121392,"p":"2.31100000","q":"767.96000000","f":232783723,"l":232783727,"T":1775300094083,"m":true,"M":true},{"a":146121393,"p":"2.31000000","q":"139.38000000","f":232783728,"l":232783729,"T":1775300098235,"m":true,"M":true},{"a":146121394,"p":"2.31000000","q":"56.38000000","f":232783730,"l":232783730,"T":1775300113138,"m":false,"M":true},{"a":146121395,"p":"2.30900000","q":"607.57000000","f":232783731,"l":232783733,"T":1775300117649,"m":true,"M":true},{"a":146121396,"p":"2.30800000","q":"43.10000000","f":232783734,"l":232783735,"T":1775300121081,"m":true,"M":true},{"a":146121397,"p":"2.30800000","q":"17.26000000","f":232783736,"l":232783736,"T":1775300121082,"m":true,"M":true},{"a":146121398,"p":"2.30800000","q":"55.56000000","f":232783737,"l":232783737,"T":1775300143139,"m":false,"M":true},{"a":146121399,"p":"2.30800000","q":"2398.73000000","f":232783738,"l":232783741,"T":1775300147056,"m":false,"M":true},{"a":146121400,"p":"2.30900000","q":"500.00000000","f":232783742,"l":232783745,"T":1775300147057,"m":false,"M":true},{"a":146121401,"p":"2.30900000","q":"755.37000000","f":232783746,"l":232783751,"T":1775300147057,"m":false,"M":true},{"a":146121402,"p":"2.30900000","q":"15.00000000","f":232783752,"l":232783752,"T":1775300147058,"m":false,"M":true},{"a":146121403,"p":"2.30900000","q":"91.15000000","f":232783753,"l":232783753,"T":1775300147081,"m":true,"M":true},{"a":146121404,"p":"2.31000000","q":"40.46000000","f":232783754,"l":232783757,"T":1775300173138,"m":false,"M":true},{"a":146121405,"p":"2.31000000","q":"129.06000000","f":232783758,"l":232783758,"T":1775300188556,"m":false,"M":true},{"a":146121406,"p":"2.31100000","q":"64.96000000","f":232783759,"l":232783759,"T":1775300198139,"m":false,"M":true},{"a":146121407,"p":"2.31000000","q":"4.56000000","f":232783760,"l":232783760,"T":1775300201218,"m":true,"M":true},{"a":146121408,"p":"2.31100000","q":"48.03000000","f":232783761,"l":232783761,"T":1775300238139,"m":false,"M":true},{"a":146121409,"p":"2.31100000","q":"48.78000000","f":232783762,"l":232783762,"T":1775300263138,"m":false,"M":true},{"a":146121410,"p":"2.31100000","q":"2.17000000","f":232783763,"l":232783763,"T":1775300275742,"m":false,"M":true},{"a":146121411,"p":"2.31100000","q":"78.41000000","f":232783764,"l":232783766,"T":1775300288138,"m":false,"M":true},{"a":146121412,"p":"2.31100000","q":"76.71000000","f":232783767,"l":232783768,"T":1775300328138,"m":false,"M":true},{"a":146121413,"p":"2.31100000","q":"47.92000000","f":232783769,"l":232783770,"T":1775300368138,"m":false,"M":true},{"a":146121414,"p":"2.31200000","q":"4.17000000","f":232783771,"l":232783771,"T":1775300368138,"m":false,"M":true},{"a":146121415,"p":"2.31100000","q":"206.42000000","f":232783772,"l":232783773,"T":1775300370409,"m":true,"M":true},{"a":146121416,"p":"2.31100000","q":"7.87000000","f":232783774,"l":232783774,"T":1775300395984,"m":false,"M":true},{"a":146121417,"p":"2.31100000","q":"28.08000000","f":232783775,"l":232783775,"T":1775300403138,"m":false,"M":true},{"a":146121418,"p":"2.31000000","q":"43.10000000","f":232783776,"l":232783777,"T":1775300408731,"m":true,"M":true},{"a":146121419,"p":"2.31000000","q":"135.82000000","f":232783778,"l":232783778,"T":1775300408735,"m":true,"M":true},{"a":146121420,"p":"2.31000000","q":"37.13000000","f":232783779,"l":232783779,"T":1775300408738,"m":false,"M":true},{"a":146121421,"p":"2.31000000","q":"50.98000000","f":232783780,"l":232783780,"T":1775300418138,"m":false,"M":true},{"a":146121422,"p":"2.31000000","q":"104.98000000","f":232783781,"l":232783781,"T":1775300433678,"m":false,"M":true},{"a":146121423,"p":"2.31000000","q":"167.17000000","f":232783782,"l":232783784,"T":1775300433678,"m":false,"M":true},{"a":146121424,"p":"2.31000000","q":"31.01000000","f":232783785,"l":232783785,"T":1775300433678,"m":false,"M":true},{"a":146121425,"p":"2.31100000","q":"101.38000000","f":232783786,"l":232783788,"T":1775300436374,"m":false,"M":true},{"a":146121426,"p":"2.31100000","q":"62.19000000","f":232783789,"l":232783789,"T":1775300436374,"m":false,"M":true},{"a":146121427,"p":"2.31200000","q":"81.05000000","f":232783790,"l":232783790,"T":1775300448138,"m":false,"M":true},{"a":146121428,"p":"2.31200000","q":"7.57000000","f":232783791,"l":232783791,"T":1775300479031,"m":false,"M":true},{"a":146121429,"p":"2.31200000","q":"81.79000000","f":232783792,"l":232783792,"T":1775300488138,"m":false,"M":true},{"a":146121430,"p":"2.31100000","q":"37.11000000","f":232783793,"l":232783793,"T":1775300498404,"m":false,"M":true},{"a":146121431,"p":"2.31000000","q":"11.00000000","f":232783794,"l":232783794,"T":1775300516835,"m":true,"M":true},{"a":146121432,"p":"2.31000000","q":"141.52000000","f":232783795,"l":232783796,"T":1775300521295,"m":true,"M":true},{"a":146121433,"p":"2.31000000","q":"34.64000000","f":232783797,"l":232783797,"T":1775300521296,"m":true,"M":true},{"a":146121434,"p":"2.31000000","q":"34.01000000","f":232783798,"l":232783798,"T":1775300533138,"m":false,"M":true},{"a":146121435,"p":"2.31000000","q":"76.73000000","f":232783799,"l":232783799,"T":1775300553138,"m":false,"M":true},{"a":146121436,"p":"2.30900000","q":"105.21000000","f":232783800,"l":232783801,"T":1775300561959,"m":true,"M":true},{"a":146121437,"p":"2.31000000","q":"103.60000000","f":232783802,"l":232783802,"T":1775300583041,"m":false,"M":true},{"a":146121438,"p":"2.31000000","q":"80.50000000","f":232783803,"l":232783803,"T":1775300593138,"m":false,"M":true},{"a":146121439,"p":"2.31000000","q":"74.79000000","f":232783804,"l":232783804,"T":1775300638138,"m":false,"M":true},{"a":146121440,"p":"2.31000000","q":"17.05000000","f":232783805,"l":232783805,"T":1775300665749,"m":false,"M":true},{"a":146121441,"p":"2.31000000","q":"50.54000000","f":232783806,"l":232783806,"T":1775300678138,"m":false,"M":true},{"a":146121442,"p":"2.30900000","q":"171.21000000","f":232783807,"l":232783808,"T":1775300694928,"m":true,"M":true},{"a":146121443,"p":"2.30800000","q":"41.09000000","f":232783809,"l":232783812,"T":1775300695158,"m":true,"M":true},{"a":146121444,"p":"2.30700000","q":"2.01000000","f":232783813,"l":232783813,"T":1775300695158,"m":true,"M":true},{"a":146121445,"p":"2.30700000","q":"43.10000000","f":232783814,"l":232783815,"T":1775300695293,"m":true,"M":true},{"a":146121446,"p":"2.30700000","q":"160.17000000","f":232783816,"l":232783816,"T":1775300709550,"m":true,"M":true},{"a":146121447,"p":"2.30700000","q":"83.26000000","f":232783817,"l":232783817,"T":1775300713774,"m":false,"M":true},{"a":146121448,"p":"2.30800000","q":"135.00000000","f":232783818,"l":232783822,"T":1775300713811,"m":false,"M":true},{"a":146121449,"p":"2.30800000","q":"200.12000000","f":232783823,"l":232783827,"T":1775300713867,"m":false,"M":true},{"a":146121450,"p":"2.30800000","q":"18.29000000","f":232783828,"l":232783828,"T":1775300713898,"m":false,"M":true},{"a":146121451,"p":"2.30900000","q":"281.79000000","f":232783829,"l":232783830,"T":1775300713898,"m":false,"M":true},{"a":146121452,"p":"2.30900000","q":"51.69000000","f":232783831,"l":232783831,"T":1775300718138,"m":false,"M":true},{"a":146121453,"p":"2.30800000","q":"7.00000000","f":232783832,"l":232783832,"T":1775300734251,"m":true,"M":true},{"a":146121454,"p":"2.30900000","q":"17.59000000","f":232783833,"l":232783833,"T":1775300736300,"m":false,"M":true},{"a":146121455,"p":"2.30900000","q":"7.81000000","f":232783834,"l":232783834,"T":1775300742266,"m":false,"M":true},{"a":146121456,"p":"2.30900000","q":"47.84000000","f":232783835,"l":232783837,"T":1775300748138,"m":false,"M":true},{"a":146121457,"p":"2.30900000","q":"36.06000000","f":232783838,"l":232783841,"T":1775300773138,"m":false,"M":true},{"a":146121458,"p":"2.30900000","q":"42.37000000","f":232783842,"l":232783842,"T":1775300793138,"m":false,"M":true},{"a":146121459,"p":"2.30900000","q":"61.24000000","f":232783843,"l":232783843,"T":1775300818138,"m":false,"M":true},{"a":146121460,"p":"2.30900000","q":"2.26000000","f":232783844,"l":232783844,"T":1775300826854,"m":false,"M":true},{"a":146121461,"p":"2.30900000","q":"81.76000000","f":232783845,"l":232783846,"T":1775300853139,"m":false,"M":true},{"a":146121462,"p":"2.30900000","q":"592.35000000","f":232783847,"l":232783848,"T":1775300871007,"m":false,"M":true},{"a":146121463,"p":"2.30900000","q":"106.86000000","f":232783849,"l":232783849,"T":1775300871007,"m":false,"M":true},{"a":146121464,"p":"2.30900000","q":"208.50000000","f":232783850,"l":232783850,"T":1775300871007,"m":false,"M":true},{"a":146121465,"p":"2.30900000","q":"539.44000000","f":232783851,"l":232783852,"T":1775300871007,"m":false,"M":true},{"a":146121466,"p":"2.31000000","q":"33.43000000","f":232783853,"l":232783853,"T":1775300893138,"m":false,"M":true},{"a":146121467,"p":"2.31000000","q":"45.77000000","f":232783854,"l":232783854,"T":1775300908138,"m":false,"M":true},{"a":146121468,"p":"2.31000000","q":"17.05000000","f":232783855,"l":232783857,"T":1775300913450,"m":false,"M":true},{"a":146121469,"p":"2.30900000","q":"4.18000000","f":232783858,"l":232783858,"T":1775300937133,"m":true,"M":true},{"a":146121470,"p":"2.31000000","q":"28.69000000","f":232783859,"l":232783860,"T":1775300938138,"m":false,"M":true},{"a":146121471,"p":"2.31000000","q":"55.02000000","f":232783861,"l":232783861,"T":1775300953138,"m":false,"M":true},{"a":146121472,"p":"2.31000000","q":"31.39000000","f":232783862,"l":232783862,"T":1775300983138,"m":false,"M":true},{"a":146121473,"p":"2.31000000","q":"39.58000000","f":232783863,"l":232783863,"T":1775300996958,"m":false,"M":true},{"a":146121474,"p":"2.31000000","q":"38.17000000","f":232783864,"l":232783864,"T":1775300996961,"m":false,"M":true},{"a":146121475,"p":"2.31000000","q":"62.64000000","f":232783865,"l":232783865,"T":1775300996962,"m":false,"M":true},{"a":146121476,"p":"2.31000000","q":"34.64000000","f":232783866,"l":232783866,"T":1775300996962,"m":false,"M":true},{"a":146121477,"p":"2.31000000","q":"163.87000000","f":232783867,"l":232783870,"T":1775300996962,"m":false,"M":true},{"a":146121478,"p":"2.31000000","q":"69.99000000","f":232783871,"l":232783872,"T":1775300996964,"m":false,"M":true},{"a":146121479,"p":"2.31000000","q":"55.27000000","f":232783873,"l":232783873,"T":1775300996967,"m":false,"M":true},{"a":146121480,"p":"2.31000000","q":"146.85000000","f":232783874,"l":232783875,"T":1775300996968,"m":false,"M":true},{"a":146121481,"p":"2.31100000","q":"31.50000000","f":232783876,"l":232783879,"T":1775301003138,"m":false,"M":true},{"a":146121482,"p":"2.31100000","q":"34.64000000","f":232783880,"l":232783880,"T":1775301003405,"m":false,"M":true},{"a":146121483,"p":"2.31000000","q":"588.70000000","f":232783881,"l":232783883,"T":1775301004755,"m":true,"M":true},{"a":146121484,"p":"2.31000000","q":"42.03000000","f":232783884,"l":232783885,"T":1775301013138,"m":false,"M":true},{"a":146121485,"p":"2.30900000","q":"668.89000000","f":232783886,"l":232783895,"T":1775301016546,"m":true,"M":true},{"a":146121486,"p":"2.30800000","q":"1151.97000000","f":232783896,"l":232783900,"T":1775301016546,"m":true,"M":true},{"a":146121487,"p":"2.30900000","q":"193.00000000","f":232783901,"l":232783902,"T":1775301020579,"m":true,"M":true},{"a":146121488,"p":"2.30900000","q":"30.81000000","f":232783903,"l":232783903,"T":1775301038137,"m":false,"M":true},{"a":146121489,"p":"2.30900000","q":"19.24000000","f":232783904,"l":232783905,"T":1775301039224,"m":false,"M":true},{"a":146121490,"p":"2.30900000","q":"49.77000000","f":232783906,"l":232783907,"T":1775301058138,"m":false,"M":true},{"a":146121491,"p":"2.30900000","q":"86.64000000","f":232783908,"l":232783908,"T":1775301064138,"m":false,"M":true},{"a":146121492,"p":"2.30900000","q":"65.44000000","f":232783909,"l":232783909,"T":1775301064138,"m":false,"M":true},{"a":146121493,"p":"2.31000000","q":"36.16000000","f":232783910,"l":232783910,"T":1775301088138,"m":false,"M":true},{"a":146121494,"p":"2.31000000","q":"65.12000000","f":232783911,"l":232783912,"T":1775301103138,"m":false,"M":true},{"a":146121495,"p":"2.31000000","q":"64.48000000","f":232783913,"l":232783913,"T":1775301138138,"m":false,"M":true},{"a":146121496,"p":"2.30900000","q":"155.42000000","f":232783914,"l":232783914,"T":1775301144472,"m":true,"M":true},{"a":146121497,"p":"2.30900000","q":"74.65000000","f":232783915,"l":232783915,"T":1775301178138,"m":false,"M":true},{"a":146121498,"p":"2.30800000","q":"13.02000000","f":232783916,"l":232783919,"T":1775301182509,"m":true,"M":true},{"a":146121499,"p":"2.30900000","q":"50.02000000","f":232783920,"l":232783920,"T":1775301218138,"m":false,"M":true},{"a":146121500,"p":"2.30800000","q":"43.10000000","f":232783921,"l":232783922,"T":1775301227729,"m":true,"M":true},{"a":146121501,"p":"2.30900000","q":"32.44000000","f":232783923,"l":232783923,"T":1775301243138,"m":false,"M":true},{"a":146121502,"p":"2.30800000","q":"32.99000000","f":232783924,"l":232783924,"T":1775301245225,"m":true,"M":true},{"a":146121503,"p":"2.30900000","q":"49.90000000","f":232783925,"l":232783925,"T":1775301263139,"m":false,"M":true},{"a":146121504,"p":"2.30900000","q":"60.02000000","f":232783926,"l":232783927,"T":1775301288138,"m":false,"M":true},{"a":146121505,"p":"2.30900000","q":"3.99000000","f":232783928,"l":232783928,"T":1775301293633,"m":false,"M":true},{"a":146121506,"p":"2.30800000","q":"38.91000000","f":232783929,"l":232783929,"T":1775301300024,"m":true,"M":true},{"a":146121507,"p":"2.30800000","q":"157.68000000","f":232783930,"l":232783930,"T":1775301301515,"m":true,"M":true},{"a":146121508,"p":"2.30800000","q":"70.17000000","f":232783931,"l":232783931,"T":1775301323145,"m":false,"M":true},{"a":146121509,"p":"2.30700000","q":"157.70000000","f":232783932,"l":232783934,"T":1775301358061,"m":true,"M":true},{"a":146121510,"p":"2.30700000","q":"80.16000000","f":232783935,"l":232783935,"T":1775301358138,"m":false,"M":true},{"a":146121511,"p":"2.30600000","q":"2.51000000","f":232783936,"l":232783936,"T":1775301366474,"m":true,"M":true},{"a":146121512,"p":"2.30600000","q":"43.10000000","f":232783937,"l":232783937,"T":1775301403084,"m":true,"M":true},{"a":146121513,"p":"2.30700000","q":"60.95000000","f":232783938,"l":232783938,"T":1775301403138,"m":false,"M":true},{"a":146121514,"p":"2.30600000","q":"103.12000000","f":232783939,"l":232783943,"T":1775301406622,"m":true,"M":true},{"a":146121515,"p":"2.30600000","q":"34.64000000","f":232783944,"l":232783944,"T":1775301406626,"m":true,"M":true},{"a":146121516,"p":"2.30600000","q":"16.36000000","f":232783945,"l":232783945,"T":1775301406626,"m":true,"M":true},{"a":146121517,"p":"2.30600000","q":"136.11000000","f":232783946,"l":232783948,"T":1775301406634,"m":false,"M":true},{"a":146121518,"p":"2.30600000","q":"251.77000000","f":232783949,"l":232783949,"T":1775301406634,"m":false,"M":true},{"a":146121519,"p":"2.30600000","q":"135.44000000","f":232783950,"l":232783950,"T":1775301406634,"m":false,"M":true},{"a":146121520,"p":"2.30700000","q":"48.73000000","f":232783951,"l":232783952,"T":1775301433138,"m":false,"M":true},{"a":146121521,"p":"2.30700000","q":"67.47000000","f":232783953,"l":232783953,"T":1775301463138,"m":false,"M":true},{"a":146121522,"p":"2.30700000","q":"34.64000000","f":232783954,"l":232783954,"T":1775301465354,"m":false,"M":true},{"a":146121523,"p":"2.30700000","q":"34.64000000","f":232783955,"l":232783955,"T":1775301465392,"m":false,"M":true},{"a":146121524,"p":"2.30700000","q":"182.16000000","f":232783956,"l":232783959,"T":1775301468645,"m":false,"M":true},{"a":146121525,"p":"2.30800000","q":"43.10000000","f":232783960,"l":232783960,"T":1775301500616,"m":false,"M":true},{"a":146121526,"p":"2.30800000","q":"71.00000000","f":232783961,"l":232783961,"T":1775301503146,"m":false,"M":true},{"a":146121527,"p":"2.30700000","q":"211.95000000","f":232783962,"l":232783963,"T":1775301517129,"m":true,"M":true},{"a":146121528,"p":"2.30700000","q":"374.88000000","f":232783964,"l":232783966,"T":1775301517129,"m":true,"M":true},{"a":146121529,"p":"2.30700000","q":"359.07000000","f":232783967,"l":232783969,"T":1775301517139,"m":true,"M":true},{"a":146121530,"p":"2.30700000","q":"135.44000000","f":232783970,"l":232783972,"T":1775301517139,"m":true,"M":true},{"a":146121531,"p":"2.30600000","q":"43.10000000","f":232783973,"l":232783976,"T":1775301517144,"m":true,"M":true},{"a":146121532,"p":"2.30600000","q":"43.48000000","f":232783977,"l":232783978,"T":1775301517196,"m":true,"M":true},{"a":146121533,"p":"2.30600000","q":"90.46000000","f":232783979,"l":232783979,"T":1775301517279,"m":true,"M":true},{"a":146121534,"p":"2.30600000","q":"38.40000000","f":232783980,"l":232783980,"T":1775301517280,"m":true,"M":true},{"a":146121535,"p":"2.30600000","q":"6.07000000","f":232783981,"l":232783981,"T":1775301536078,"m":false,"M":true},{"a":146121536,"p":"2.30600000","q":"80.30000000","f":232783982,"l":232783983,"T":1775301543145,"m":false,"M":true},{"a":146121537,"p":"2.30600000","q":"33.36000000","f":232783984,"l":232783984,"T":1775301583138,"m":false,"M":true},{"a":146121538,"p":"2.30500000","q":"237.00000000","f":232783985,"l":232783990,"T":1775301590368,"m":true,"M":true},{"a":146121539,"p":"2.30600000","q":"185.69000000","f":232783991,"l":232783993,"T":1775301592652,"m":false,"M":true},{"a":146121540,"p":"2.30600000","q":"49.58000000","f":232783994,"l":232783994,"T":1775301603138,"m":false,"M":true},{"a":146121541,"p":"2.30600000","q":"2.60000000","f":232783995,"l":232783995,"T":1775301609965,"m":false,"M":true},{"a":146121542,"p":"2.30500000","q":"465.40000000","f":232783996,"l":232783999,"T":1775301619804,"m":true,"M":true},{"a":146121543,"p":"2.30400000","q":"34.60000000","f":232784000,"l":232784000,"T":1775301619804,"m":true,"M":true},{"a":146121544,"p":"2.30400000","q":"2.78000000","f":232784001,"l":232784001,"T":1775301632893,"m":true,"M":true},{"a":146121545,"p":"2.30500000","q":"40.10000000","f":232784002,"l":232784002,"T":1775301633139,"m":false,"M":true},{"a":146121546,"p":"2.30400000","q":"89.02000000","f":232784003,"l":232784007,"T":1775301651539,"m":true,"M":true},{"a":146121547,"p":"2.30400000","q":"58.33000000","f":232784008,"l":232784010,"T":1775301651620,"m":false,"M":true},{"a":146121548,"p":"2.30500000","q":"65.54000000","f":232784011,"l":232784011,"T":1775301653144,"m":false,"M":true},{"a":146121549,"p":"2.30500000","q":"12.96000000","f":232784012,"l":232784012,"T":1775301676047,"m":false,"M":true},{"a":146121550,"p":"2.30400000","q":"95.76000000","f":232784013,"l":232784014,"T":1775301684346,"m":true,"M":true},{"a":146121551,"p":"2.30500000","q":"76.18000000","f":232784015,"l":232784015,"T":1775301688138,"m":false,"M":true},{"a":146121552,"p":"2.30400000","q":"51.38000000","f":232784016,"l":232784016,"T":1775301705642,"m":true,"M":true},{"a":146121553,"p":"2.30300000","q":"52.12000000","f":232784017,"l":232784017,"T":1775301705642,"m":true,"M":true},{"a":146121554,"p":"2.30300000","q":"500.00000000","f":232784018,"l":232784025,"T":1775301723425,"m":true,"M":true},{"a":146121555,"p":"2.30400000","q":"36.81000000","f":232784026,"l":232784027,"T":1775301728139,"m":false,"M":true},{"a":146121556,"p":"2.30400000","q":"4.34000000","f":232784028,"l":232784028,"T":1775301733406,"m":false,"M":true},{"a":146121557,"p":"2.30400000","q":"81.40000000","f":232784029,"l":232784029,"T":1775301748138,"m":false,"M":true},{"a":146121558,"p":"2.30300000","q":"50.00000000","f":232784030,"l":232784030,"T":1775301785629,"m":true,"M":true},{"a":146121559,"p":"2.30400000","q":"6.94000000","f":232784031,"l":232784031,"T":1775301787163,"m":false,"M":true},{"a":146121560,"p":"2.30300000","q":"76.63000000","f":232784032,"l":232784032,"T":1775301793138,"m":false,"M":true},{"a":146121561,"p":"2.30300000","q":"300.07000000","f":232784033,"l":232784035,"T":1775301803701,"m":false,"M":true},{"a":146121562,"p":"2.30400000","q":"45.38000000","f":232784036,"l":232784036,"T":1775301838146,"m":false,"M":true},{"a":146121563,"p":"2.30400000","q":"141.34000000","f":232784037,"l":232784039,"T":1775301850571,"m":false,"M":true},{"a":146121564,"p":"2.30400000","q":"53.73000000","f":232784040,"l":232784040,"T":1775301863138,"m":false,"M":true},{"a":146121565,"p":"2.30300000","q":"6.00000000","f":232784041,"l":232784041,"T":1775301864663,"m":true,"M":true},{"a":146121566,"p":"2.30400000","q":"2.49000000","f":232784042,"l":232784042,"T":1775301868245,"m":false,"M":true},{"a":146121567,"p":"2.30400000","q":"43.40000000","f":232784043,"l":232784045,"T":1775301875899,"m":false,"M":true},{"a":146121568,"p":"2.30400000","q":"38.61000000","f":232784046,"l":232784046,"T":1775301893144,"m":false,"M":true},{"a":146121569,"p":"2.30400000","q":"40.62000000","f":232784047,"l":232784047,"T":1775301913138,"m":false,"M":true},{"a":146121570,"p":"2.30300000","q":"164.43000000","f":232784048,"l":232784049,"T":1775301923823,"m":true,"M":true},{"a":146121571,"p":"2.30200000","q":"10.87000000","f":232784050,"l":232784052,"T":1775301930457,"m":true,"M":true},{"a":146121572,"p":"2.30100000","q":"32.23000000","f":232784053,"l":232784053,"T":1775301930457,"m":true,"M":true},{"a":146121573,"p":"2.30200000","q":"46.62000000","f":232784054,"l":232784055,"T":1775301933138,"m":false,"M":true},{"a":146121574,"p":"2.30200000","q":"36.22000000","f":232784056,"l":232784056,"T":1775301958145,"m":false,"M":true},{"a":146121575,"p":"2.30200000","q":"57.59000000","f":232784057,"l":232784057,"T":1775301978138,"m":false,"M":true},{"a":146121576,"p":"2.30100000","q":"10.00000000","f":232784058,"l":232784058,"T":1775301991117,"m":true,"M":true},{"a":146121577,"p":"2.30200000","q":"170.31000000","f":232784059,"l":232784061,"T":1775302003516,"m":false,"M":true},{"a":146121578,"p":"2.30200000","q":"65.54000000","f":232784062,"l":232784063,"T":1775302008138,"m":false,"M":true},{"a":146121579,"p":"2.30200000","q":"86.90000000","f":232784064,"l":232784064,"T":1775302029794,"m":false,"M":true},{"a":146121580,"p":"2.30200000","q":"19.65000000","f":232784065,"l":232784065,"T":1775302029796,"m":false,"M":true},{"a":146121581,"p":"2.30300000","q":"132.55000000","f":232784066,"l":232784071,"T":1775302032739,"m":false,"M":true},{"a":146121582,"p":"2.30300000","q":"29.72000000","f":232784072,"l":232784072,"T":1775302032739,"m":false,"M":true},{"a":146121583,"p":"2.30300000","q":"86.66000000","f":232784073,"l":232784073,"T":1775302032740,"m":false,"M":true},{"a":146121584,"p":"2.30300000","q":"264.88000000","f":232784074,"l":232784076,"T":1775302039403,"m":false,"M":true},{"a":146121585,"p":"2.30300000","q":"27.60000000","f":232784077,"l":232784077,"T":1775302043138,"m":false,"M":true},{"a":146121586,"p":"2.30300000","q":"106.22000000","f":232784078,"l":232784079,"T":1775302047427,"m":false,"M":true},{"a":146121587,"p":"2.30300000","q":"54.93000000","f":232784080,"l":232784080,"T":1775302047428,"m":false,"M":true},{"a":146121588,"p":"2.30400000","q":"80.77000000","f":232784081,"l":232784081,"T":1775302063138,"m":false,"M":true},{"a":146121589,"p":"2.30300000","q":"544.74000000","f":232784082,"l":232784083,"T":1775302083653,"m":true,"M":true},{"a":146121590,"p":"2.30300000","q":"32.78000000","f":232784084,"l":232784084,"T":1775302108138,"m":false,"M":true},{"a":146121591,"p":"2.30300000","q":"36.16000000","f":232784085,"l":232784085,"T":1775302123138,"m":false,"M":true},{"a":146121592,"p":"2.30300000","q":"67.86000000","f":232784086,"l":232784086,"T":1775302143144,"m":false,"M":true},{"a":146121593,"p":"2.30300000","q":"6.52000000","f":232784087,"l":232784087,"T":1775302169590,"m":false,"M":true},{"a":146121594,"p":"2.30200000","q":"84.58000000","f":232784088,"l":232784091,"T":1775302174033,"m":true,"M":true},{"a":146121595,"p":"2.30200000","q":"51.53000000","f":232784092,"l":232784092,"T":1775302174033,"m":true,"M":true},{"a":146121596,"p":"2.30200000","q":"51.49000000","f":232784093,"l":232784093,"T":1775302174033,"m":true,"M":true},{"a":146121597,"p":"2.30200000","q":"62.22000000","f":232784094,"l":232784094,"T":1775302178138,"m":false,"M":true},{"a":146121598,"p":"2.30100000","q":"18.63000000","f":232784095,"l":232784096,"T":1775302198182,"m":true,"M":true},{"a":146121599,"p":"2.30000000","q":"43.10000000","f":232784097,"l":232784097,"T":1775302198329,"m":true,"M":true},{"a":146121600,"p":"2.30100000","q":"80.95000000","f":232784098,"l":232784098,"T":1775302213138,"m":false,"M":true},{"a":146121601,"p":"2.30000000","q":"2.60000000","f":232784099,"l":232784099,"T":1775302221949,"m":true,"M":true},{"a":146121602,"p":"2.30000000","q":"10.00000000","f":232784100,"l":232784100,"T":1775302252746,"m":true,"M":true},{"a":146121603,"p":"2.30100000","q":"72.17000000","f":232784101,"l":232784101,"T":1775302258145,"m":false,"M":true},{"a":146121604,"p":"2.30100000","q":"80.48000000","f":232784102,"l":232784102,"T":1775302293138,"m":false,"M":true},{"a":146121605,"p":"2.30000000","q":"2.60000000","f":232784103,"l":232784103,"T":1775302317135,"m":true,"M":true},{"a":146121606,"p":"2.30000000","q":"232.81000000","f":232784104,"l":232784106,"T":1775302323992,"m":true,"M":true},{"a":146121607,"p":"2.30000000","q":"13.21000000","f":232784107,"l":232784107,"T":1775302332293,"m":false,"M":true},{"a":146121608,"p":"2.30000000","q":"76.79000000","f":232784108,"l":232784108,"T":1775302338138,"m":false,"M":true},{"a":146121609,"p":"2.30000000","q":"4.34000000","f":232784109,"l":232784109,"T":1775302340488,"m":false,"M":true},{"a":146121610,"p":"2.30000000","q":"91.41000000","f":232784110,"l":232784110,"T":1775302341189,"m":false,"M":true},{"a":146121611,"p":"2.30000000","q":"1422.81000000","f":232784111,"l":232784113,"T":1775302342908,"m":false,"M":true},{"a":146121612,"p":"2.30000000","q":"7.13000000","f":232784114,"l":232784114,"T":1775302346639,"m":true,"M":true},{"a":146121613,"p":"2.30100000","q":"71.23000000","f":232784115,"l":232784117,"T":1775302383145,"m":false,"M":true},{"a":146121614,"p":"2.30000000","q":"38.83000000","f":232784118,"l":232784118,"T":1775302409241,"m":true,"M":true},{"a":146121615,"p":"2.29900000","q":"43.10000000","f":232784119,"l":232784119,"T":1775302410923,"m":true,"M":true},{"a":146121616,"p":"2.29900000","q":"195.02000000","f":232784120,"l":232784122,"T":1775302421623,"m":true,"M":true},{"a":146121617,"p":"2.30000000","q":"45.96000000","f":232784123,"l":232784123,"T":1775302423138,"m":false,"M":true},{"a":146121618,"p":"2.30000000","q":"10.00000000","f":232784124,"l":232784124,"T":1775302442629,"m":false,"M":true},{"a":146121619,"p":"2.30000000","q":"66.22000000","f":232784125,"l":232784129,"T":1775302448138,"m":false,"M":true},{"a":146121620,"p":"2.30000000","q":"68.81000000","f":232784130,"l":232784131,"T":1775302483138,"m":false,"M":true},{"a":146121621,"p":"2.30000000","q":"130.43000000","f":232784132,"l":232784134,"T":1775302492544,"m":false,"M":true},{"a":146121622,"p":"2.30000000","q":"25.81000000","f":232784135,"l":232784135,"T":1775302510435,"m":false,"M":true},{"a":146121623,"p":"2.30000000","q":"276.69000000","f":232784136,"l":232784139,"T":1775302517451,"m":false,"M":true},{"a":146121624,"p":"2.30000000","q":"183.54000000","f":232784140,"l":232784141,"T":1775302517855,"m":true,"M":true},{"a":146121625,"p":"2.30100000","q":"34.36000000","f":232784142,"l":232784142,"T":1775302523138,"m":false,"M":true},{"a":146121626,"p":"2.30100000","q":"66.88000000","f":232784143,"l":232784147,"T":1775302538138,"m":false,"M":true},{"a":146121627,"p":"2.30000000","q":"49.54000000","f":232784148,"l":232784148,"T":1775302543491,"m":true,"M":true},{"a":146121628,"p":"2.30100000","q":"38.71000000","f":232784149,"l":232784150,"T":1775302564068,"m":false,"M":true},{"a":146121629,"p":"2.30100000","q":"48.75000000","f":232784151,"l":232784151,"T":1775302573138,"m":false,"M":true},{"a":146121630,"p":"2.30100000","q":"179.15000000","f":232784152,"l":232784154,"T":1775302593052,"m":false,"M":true},{"a":146121631,"p":"2.30100000","q":"8.78000000","f":232784155,"l":232784156,"T":1775302600021,"m":false,"M":true},{"a":146121632,"p":"2.30100000","q":"59.99000000","f":232784157,"l":232784157,"T":1775302603138,"m":false,"M":true},{"a":146121633,"p":"2.30000000","q":"148.44000000","f":232784158,"l":232784158,"T":1775302630064,"m":true,"M":true},{"a":146121634,"p":"2.30000000","q":"3.16000000","f":232784159,"l":232784159,"T":1775302633154,"m":false,"M":true},{"a":146121635,"p":"2.30000000","q":"80.92000000","f":232784160,"l":232784161,"T":1775302638138,"m":false,"M":true},{"a":146121636,"p":"2.30000000","q":"33.82000000","f":232784162,"l":232784163,"T":1775302652047,"m":false,"M":true},{"a":146121637,"p":"2.30100000","q":"53.91000000","f":232784164,"l":232784164,"T":1775302678145,"m":false,"M":true},{"a":146121638,"p":"2.30100000","q":"49.55000000","f":232784165,"l":232784165,"T":1775302708139,"m":false,"M":true},{"a":146121639,"p":"2.30000000","q":"2.93000000","f":232784166,"l":232784166,"T":1775302737334,"m":true,"M":true},{"a":146121640,"p":"2.30100000","q":"31.12000000","f":232784167,"l":232784167,"T":1775302738152,"m":false,"M":true},{"a":146121641,"p":"2.30100000","q":"57.05000000","f":232784168,"l":232784168,"T":1775302738156,"m":false,"M":true},{"a":146121642,"p":"2.30100000","q":"161.91000000","f":232784169,"l":232784174,"T":1775302738158,"m":false,"M":true},{"a":146121643,"p":"2.30200000","q":"55.70000000","f":232784175,"l":232784177,"T":1775302753138,"m":false,"M":true},{"a":146121644,"p":"2.30100000","q":"578.66000000","f":232784178,"l":232784180,"T":1775302760301,"m":true,"M":true},{"a":146121645,"p":"2.30100000","q":"49.90000000","f":232784181,"l":232784181,"T":1775302783138,"m":false,"M":true},{"a":146121646,"p":"2.30100000","q":"34.64000000","f":232784182,"l":232784183,"T":1775302828201,"m":false,"M":true},{"a":146121647,"p":"2.30100000","q":"0.33000000","f":232784184,"l":232784184,"T":1775302828228,"m":false,"M":true},{"a":146121648,"p":"2.30200000","q":"218.35000000","f":232784185,"l":232784188,"T":1775302835084,"m":false,"M":true},{"a":146121649,"p":"2.30200000","q":"3.47000000","f":232784189,"l":232784189,"T":1775302866835,"m":false,"M":true},{"a":146121650,"p":"2.30100000","q":"4.33000000","f":232784190,"l":232784190,"T":1775302877572,"m":true,"M":true},{"a":146121651,"p":"2.30200000","q":"120.07000000","f":232784191,"l":232784194,"T":1775302886584,"m":false,"M":true},{"a":146121652,"p":"2.30300000","q":"48.84000000","f":232784195,"l":232784198,"T":1775302889447,"m":false,"M":true},{"a":146121653,"p":"2.30300000","q":"43.34000000","f":232784199,"l":232784200,"T":1775302889466,"m":true,"M":true},{"a":146121654,"p":"2.30300000","q":"2.60000000","f":232784201,"l":232784201,"T":1775302901432,"m":false,"M":true},{"a":146121655,"p":"2.30300000","q":"38.43000000","f":232784202,"l":232784204,"T":1775302964090,"m":false,"M":true},{"a":146121656,"p":"2.30300000","q":"535.45000000","f":232784205,"l":232784209,"T":1775302970872,"m":true,"M":true},{"a":146121657,"p":"2.30300000","q":"68.72000000","f":232784210,"l":232784210,"T":1775302982490,"m":false,"M":true},{"a":146121658,"p":"2.30300000","q":"130.53000000","f":232784211,"l":232784212,"T":1775303042204,"m":false,"M":true},{"a":146121659,"p":"2.30300000","q":"162.83000000","f":232784213,"l":232784215,"T":1775303042205,"m":false,"M":true},{"a":146121660,"p":"2.30300000","q":"50.69000000","f":232784216,"l":232784216,"T":1775303042205,"m":false,"M":true},{"a":146121661,"p":"2.30300000","q":"17.36000000","f":232784217,"l":232784217,"T":1775303075481,"m":true,"M":true},{"a":146121662,"p":"2.30400000","q":"235.15000000","f":232784218,"l":232784221,"T":1775303137630,"m":false,"M":true},{"a":146121663,"p":"2.30500000","q":"170.34000000","f":232784222,"l":232784229,"T":1775303138859,"m":false,"M":true},{"a":146121664,"p":"2.30600000","q":"202.86000000","f":232784230,"l":232784233,"T":1775303138863,"m":false,"M":true},{"a":146121665,"p":"2.30600000","q":"7.50000000","f":232784234,"l":232784234,"T":1775303138867,"m":true,"M":true},{"a":146121666,"p":"2.30700000","q":"43.10000000","f":232784235,"l":232784238,"T":1775303139009,"m":false,"M":true},{"a":146121667,"p":"2.30700000","q":"17.40000000","f":232784239,"l":232784240,"T":1775303139011,"m":false,"M":true},{"a":146121668,"p":"2.30700000","q":"5.39000000","f":232784241,"l":232784241,"T":1775303149184,"m":false,"M":true},{"a":146121669,"p":"2.30800000","q":"10.86000000","f":232784242,"l":232784244,"T":1775303161511,"m":false,"M":true},{"a":146121670,"p":"2.30900000","q":"186.86000000","f":232784245,"l":232784249,"T":1775303161517,"m":false,"M":true},{"a":146121671,"p":"2.30900000","q":"172.05000000","f":232784250,"l":232784250,"T":1775303162492,"m":true,"M":true},{"a":146121672,"p":"2.30800000","q":"17.43000000","f":232784251,"l":232784251,"T":1775303175489,"m":true,"M":true},{"a":146121673,"p":"2.30900000","q":"8.66000000","f":232784252,"l":232784252,"T":1775303210090,"m":false,"M":true},{"a":146121674,"p":"2.30800000","q":"2.57000000","f":232784253,"l":232784253,"T":1775303240881,"m":true,"M":true},{"a":146121675,"p":"2.30800000","q":"19.53000000","f":232784254,"l":232784255,"T":1775303245466,"m":true,"M":true},{"a":146121676,"p":"2.30800000","q":"8.66000000","f":232784256,"l":232784256,"T":1775303282961,"m":true,"M":true},{"a":146121677,"p":"2.30900000","q":"389.94000000","f":232784257,"l":232784259,"T":1775303301304,"m":false,"M":true},{"a":146121678,"p":"2.30900000","q":"343.67000000","f":232784260,"l":232784262,"T":1775303301351,"m":true,"M":true},{"a":146121679,"p":"2.31000000","q":"60.58000000","f":232784263,"l":232784266,"T":1775303339549,"m":false,"M":true},{"a":146121680,"p":"2.31000000","q":"6.27000000","f":232784267,"l":232784267,"T":1775303350286,"m":true,"M":true},{"a":146121681,"p":"2.31100000","q":"42.86000000","f":232784268,"l":232784268,"T":1775303408164,"m":false,"M":true},{"a":146121682,"p":"2.31100000","q":"29.48000000","f":232784269,"l":232784272,"T":1775303425322,"m":false,"M":true},{"a":146121683,"p":"2.31100000","q":"34.64000000","f":232784273,"l":232784273,"T":1775303425322,"m":false,"M":true},{"a":146121684,"p":"2.31100000","q":"34.64000000","f":232784274,"l":232784275,"T":1775303425325,"m":false,"M":true},{"a":146121685,"p":"2.31100000","q":"10.63000000","f":232784276,"l":232784276,"T":1775303425326,"m":false,"M":true},{"a":146121686,"p":"2.31100000","q":"71.80000000","f":232784277,"l":232784278,"T":1775303425390,"m":false,"M":true},{"a":146121687,"p":"2.31200000","q":"99.00000000","f":232784279,"l":232784282,"T":1775303447679,"m":false,"M":true},{"a":146121688,"p":"2.31200000","q":"38.37000000","f":232784283,"l":232784283,"T":1775303447679,"m":false,"M":true},{"a":146121689,"p":"2.31300000","q":"43.09000000","f":232784284,"l":232784285,"T":1775303447828,"m":false,"M":true},{"a":146121690,"p":"2.31300000","q":"142.47000000","f":232784286,"l":232784286,"T":1775303453973,"m":true,"M":true},{"a":146121691,"p":"2.31300000","q":"93.18000000","f":232784287,"l":232784288,"T":1775303490363,"m":false,"M":true},{"a":146121692,"p":"2.31300000","q":"3.00000000","f":232784289,"l":232784289,"T":1775303492302,"m":true,"M":true},{"a":146121693,"p":"2.31400000","q":"2.92000000","f":232784290,"l":232784290,"T":1775303573434,"m":false,"M":true},{"a":146121694,"p":"2.31400000","q":"36.68000000","f":232784291,"l":232784292,"T":1775303592875,"m":false,"M":true},{"a":146121695,"p":"2.31400000","q":"4.33000000","f":232784293,"l":232784293,"T":1775303593030,"m":true,"M":true},{"a":146121696,"p":"2.31400000","q":"95.72000000","f":232784294,"l":232784294,"T":1775303593117,"m":true,"M":true},{"a":146121697,"p":"2.31400000","q":"899.20000000","f":232784295,"l":232784298,"T":1775303604817,"m":true,"M":true},{"a":146121698,"p":"2.31300000","q":"43.10000000","f":232784299,"l":232784302,"T":1775303604964,"m":true,"M":true},{"a":146121699,"p":"2.31400000","q":"111.71000000","f":232784303,"l":232784305,"T":1775303622599,"m":false,"M":true},{"a":146121700,"p":"2.31400000","q":"416.05000000","f":232784306,"l":232784308,"T":1775303622600,"m":false,"M":true},{"a":146121701,"p":"2.31500000","q":"2.54000000","f":232784309,"l":232784309,"T":1775303730323,"m":false,"M":true},{"a":146121702,"p":"2.31400000","q":"116.15000000","f":232784310,"l":232784310,"T":1775303800066,"m":true,"M":true},{"a":146121703,"p":"2.31400000","q":"29.97000000","f":232784311,"l":232784311,"T":1775303805638,"m":true,"M":true},{"a":146121704,"p":"2.31400000","q":"34.64000000","f":232784312,"l":232784313,"T":1775303821228,"m":true,"M":true},{"a":146121705,"p":"2.31400000","q":"88.47000000","f":232784314,"l":232784314,"T":1775303821228,"m":true,"M":true},{"a":146121706,"p":"2.31400000","q":"478.18000000","f":232784315,"l":232784317,"T":1775303821228,"m":true,"M":true},{"a":146121707,"p":"2.31300000","q":"132.71000000","f":232784318,"l":232784318,"T":1775303821230,"m":true,"M":true},{"a":146121708,"p":"2.31300000","q":"286.75000000","f":232784319,"l":232784320,"T":1775303821230,"m":true,"M":true},{"a":146121709,"p":"2.31300000","q":"1027.41000000","f":232784321,"l":232784327,"T":1775303821231,"m":true,"M":true},{"a":146121710,"p":"2.31300000","q":"524.98000000","f":232784328,"l":232784332,"T":1775303943677,"m":false,"M":true},{"a":146121711,"p":"2.31300000","q":"183.10000000","f":232784333,"l":232784334,"T":1775303943881,"m":true,"M":true},{"a":146121712,"p":"2.31300000","q":"7.67000000","f":232784335,"l":232784335,"T":1775303969261,"m":true,"M":true},{"a":146121713,"p":"2.31300000","q":"12.63000000","f":232784336,"l":232784336,"T":1775304003849,"m":true,"M":true},{"a":146121714,"p":"2.31300000","q":"26.11000000","f":232784337,"l":232784337,"T":1775304004150,"m":true,"M":true},{"a":146121715,"p":"2.31300000","q":"116.61000000","f":232784338,"l":232784338,"T":1775304004151,"m":true,"M":true},{"a":146121716,"p":"2.31200000","q":"1147.60000000","f":232784339,"l":232784346,"T":1775304004294,"m":true,"M":true},{"a":146121717,"p":"2.31100000","q":"10.83000000","f":232784347,"l":232784349,"T":1775304004441,"m":true,"M":true},{"a":146121718,"p":"2.31000000","q":"32.27000000","f":232784350,"l":232784350,"T":1775304004441,"m":true,"M":true},{"a":146121719,"p":"2.31100000","q":"105.71000000","f":232784351,"l":232784351,"T":1775304013576,"m":false,"M":true},{"a":146121720,"p":"2.31200000","q":"34.61000000","f":232784352,"l":232784352,"T":1775304016595,"m":false,"M":true},{"a":146121721,"p":"2.31200000","q":"178.35000000","f":232784353,"l":232784354,"T":1775304018327,"m":false,"M":true},{"a":146121722,"p":"2.31300000","q":"225.34000000","f":232784355,"l":232784355,"T":1775304018400,"m":false,"M":true},{"a":146121723,"p":"2.31300000","q":"43.10000000","f":232784356,"l":232784359,"T":1775304018477,"m":false,"M":true},{"a":146121724,"p":"2.31300000","q":"141.13000000","f":232784360,"l":232784360,"T":1775304020722,"m":false,"M":true},{"a":146121725,"p":"2.31300000","q":"143.29000000","f":232784361,"l":232784362,"T":1775304021651,"m":false,"M":true},{"a":146121726,"p":"2.31400000","q":"43.10000000","f":232784363,"l":232784363,"T":1775304026511,"m":false,"M":true},{"a":146121727,"p":"2.31400000","q":"1105.38000000","f":232784364,"l":232784375,"T":1775304054584,"m":false,"M":true},{"a":146121728,"p":"2.31500000","q":"3409.76000000","f":232784376,"l":232784390,"T":1775304054584,"m":false,"M":true},{"a":146121729,"p":"2.31500000","q":"1512.25000000","f":232784391,"l":232784391,"T":1775304054586,"m":true,"M":true},{"a":146121730,"p":"2.31400000","q":"193.51000000","f":232784392,"l":232784392,"T":1775304054587,"m":true,"M":true},{"a":146121731,"p":"2.31400000","q":"5.89000000","f":232784393,"l":232784393,"T":1775304054587,"m":true,"M":true},{"a":146121732,"p":"2.31400000","q":"193.51000000","f":232784394,"l":232784395,"T":1775304054588,"m":true,"M":true},{"a":146121733,"p":"2.31400000","q":"112.50000000","f":232784396,"l":232784396,"T":1775304054593,"m":false,"M":true},{"a":146121734,"p":"2.31500000","q":"3.02000000","f":232784397,"l":232784397,"T":1775304089314,"m":false,"M":true},{"a":146121735,"p":"2.31500000","q":"21.86000000","f":232784398,"l":232784399,"T":1775304091150,"m":false,"M":true},{"a":146121736,"p":"2.31500000","q":"105.16000000","f":232784400,"l":232784400,"T":1775304091462,"m":true,"M":true},{"a":146121737,"p":"2.31500000","q":"395.10000000","f":232784401,"l":232784404,"T":1775304094226,"m":true,"M":true},{"a":146121738,"p":"2.31500000","q":"111.68000000","f":232784405,"l":232784405,"T":1775304094230,"m":false,"M":true},{"a":146121739,"p":"2.31500000","q":"27.50000000","f":232784406,"l":232784407,"T":1775304094231,"m":false,"M":true},{"a":146121740,"p":"2.31500000","q":"15.33000000","f":232784408,"l":232784409,"T":1775304094233,"m":false,"M":true},{"a":146121741,"p":"2.31500000","q":"6.95000000","f":232784410,"l":232784410,"T":1775304119852,"m":false,"M":true},{"a":146121742,"p":"2.31500000","q":"93.39000000","f":232784411,"l":232784411,"T":1775304217532,"m":true,"M":true},{"a":146121743,"p":"2.31600000","q":"98.94000000","f":232784412,"l":232784414,"T":1775304223327,"m":false,"M":true},{"a":146121744,"p":"2.31600000","q":"137.78000000","f":232784415,"l":232784417,"T":1775304223714,"m":true,"M":true},{"a":146121745,"p":"2.31600000","q":"52.08000000","f":232784418,"l":232784418,"T":1775304229918,"m":true,"M":true},{"a":146121746,"p":"2.31700000","q":"70.56000000","f":232784419,"l":232784419,"T":1775304230925,"m":false,"M":true},{"a":146121747,"p":"2.31700000","q":"32.85000000","f":232784420,"l":232784420,"T":1775304230926,"m":false,"M":true},{"a":146121748,"p":"2.31700000","q":"106.46000000","f":232784421,"l":232784423,"T":1775304230927,"m":false,"M":true},{"a":146121749,"p":"2.31700000","q":"54.14000000","f":232784424,"l":232784426,"T":1775304230928,"m":false,"M":true},{"a":146121750,"p":"2.31700000","q":"57.68000000","f":232784427,"l":232784427,"T":1775304230928,"m":false,"M":true},{"a":146121751,"p":"2.31700000","q":"38.82000000","f":232784428,"l":232784430,"T":1775304230929,"m":false,"M":true},{"a":146121752,"p":"2.31700000","q":"79.70000000","f":232784431,"l":232784431,"T":1775304231874,"m":true,"M":true},{"a":146121753,"p":"2.31700000","q":"59.15000000","f":232784432,"l":232784432,"T":1775304233857,"m":true,"M":true},{"a":146121754,"p":"2.31700000","q":"13.65000000","f":232784433,"l":232784433,"T":1775304234399,"m":true,"M":true},{"a":146121755,"p":"2.31700000","q":"3.52000000","f":232784434,"l":232784434,"T":1775304236593,"m":true,"M":true},{"a":146121756,"p":"2.31800000","q":"4.54000000","f":232784435,"l":232784436,"T":1775304240200,"m":false,"M":true},{"a":146121757,"p":"2.31700000","q":"3.62000000","f":232784437,"l":232784437,"T":1775304246339,"m":true,"M":true},{"a":146121758,"p":"2.31700000","q":"12.94000000","f":232784438,"l":232784438,"T":1775304257645,"m":true,"M":true},{"a":146121759,"p":"2.31800000","q":"10.49000000","f":232784439,"l":232784439,"T":1775304259731,"m":false,"M":true},{"a":146121760,"p":"2.31800000","q":"553.88000000","f":232784440,"l":232784444,"T":1775304270009,"m":false,"M":true},{"a":146121761,"p":"2.31900000","q":"146.12000000","f":232784445,"l":232784450,"T":1775304270009,"m":false,"M":true},{"a":146121762,"p":"2.31800000","q":"8.65000000","f":232784451,"l":232784451,"T":1775304270012,"m":true,"M":true},{"a":146121763,"p":"2.31700000","q":"9.89000000","f":232784452,"l":232784452,"T":1775304270012,"m":true,"M":true},{"a":146121764,"p":"2.31700000","q":"18.54000000","f":232784453,"l":232784453,"T":1775304270012,"m":true,"M":true},{"a":146121765,"p":"2.31700000","q":"623.24000000","f":232784454,"l":232784457,"T":1775304285355,"m":true,"M":true},{"a":146121766,"p":"2.31600000","q":"174.83000000","f":232784458,"l":232784461,"T":1775304285389,"m":true,"M":true},{"a":146121767,"p":"2.31600000","q":"135.69000000","f":232784462,"l":232784462,"T":1775304294435,"m":true,"M":true},{"a":146121768,"p":"2.31600000","q":"54.10000000","f":232784463,"l":232784464,"T":1775304299414,"m":false,"M":true},{"a":146121769,"p":"2.31700000","q":"9.06000000","f":232784465,"l":232784465,"T":1775304303595,"m":false,"M":true},{"a":146121770,"p":"2.31600000","q":"2.41000000","f":232784466,"l":232784466,"T":1775304307746,"m":true,"M":true},{"a":146121771,"p":"2.31600000","q":"25.95000000","f":232784467,"l":232784467,"T":1775304411530,"m":true,"M":true},{"a":146121772,"p":"2.31600000","q":"4.79000000","f":232784468,"l":232784468,"T":1775304429120,"m":true,"M":true},{"a":146121773,"p":"2.31700000","q":"146.63000000","f":232784469,"l":232784469,"T":1775304534585,"m":false,"M":true},{"a":146121774,"p":"2.31800000","q":"154.50000000","f":232784470,"l":232784471,"T":1775304537086,"m":false,"M":true},{"a":146121775,"p":"2.31800000","q":"169.41000000","f":232784472,"l":232784476,"T":1775304537086,"m":false,"M":true},{"a":146121776,"p":"2.31800000","q":"81.78000000","f":232784477,"l":232784477,"T":1775304537373,"m":true,"M":true},{"a":146121777,"p":"2.31800000","q":"60.44000000","f":232784478,"l":232784478,"T":1775304539651,"m":true,"M":true},{"a":146121778,"p":"2.31800000","q":"427.28000000","f":232784479,"l":232784480,"T":1775304543340,"m":true,"M":true},{"a":146121779,"p":"2.31800000","q":"182.84000000","f":232784481,"l":232784484,"T":1775304543340,"m":true,"M":true},{"a":146121780,"p":"2.31700000","q":"100.00000000","f":232784485,"l":232784485,"T":1775304587446,"m":true,"M":true},{"a":146121781,"p":"2.31800000","q":"284.55000000","f":232784486,"l":232784491,"T":1775304614424,"m":false,"M":true},{"a":146121782,"p":"2.31800000","q":"18.54000000","f":232784492,"l":232784492,"T":1775304614796,"m":true,"M":true},{"a":146121783,"p":"2.31800000","q":"18.54000000","f":232784493,"l":232784493,"T":1775304614797,"m":true,"M":true},{"a":146121784,"p":"2.31800000","q":"42.40000000","f":232784494,"l":232784494,"T":1775304614798,"m":true,"M":true},{"a":146121785,"p":"2.31800000","q":"90.34000000","f":232784495,"l":232784495,"T":1775304614798,"m":true,"M":true},{"a":146121786,"p":"2.31700000","q":"100.00000000","f":232784496,"l":232784498,"T":1775304628291,"m":true,"M":true},{"a":146121787,"p":"2.31700000","q":"62.99000000","f":232784499,"l":232784499,"T":1775304628293,"m":true,"M":true},{"a":146121788,"p":"2.31700000","q":"151.82000000","f":232784500,"l":232784500,"T":1775304661591,"m":false,"M":true},{"a":146121789,"p":"2.31700000","q":"257.29000000","f":232784501,"l":232784502,"T":1775304661591,"m":false,"M":true},{"a":146121790,"p":"2.31700000","q":"40.35000000","f":232784503,"l":232784503,"T":1775304661591,"m":false,"M":true},{"a":146121791,"p":"2.31700000","q":"304.97000000","f":232784504,"l":232784506,"T":1775304661592,"m":false,"M":true},{"a":146121792,"p":"2.31800000","q":"10.78000000","f":232784507,"l":232784507,"T":1775304688898,"m":false,"M":true},{"a":146121793,"p":"2.31700000","q":"150.01000000","f":232784508,"l":232784508,"T":1775304735992,"m":true,"M":true},{"a":146121794,"p":"2.31700000","q":"138.83000000","f":232784509,"l":232784513,"T":1775304753302,"m":false,"M":true},{"a":146121795,"p":"2.31700000","q":"206.11000000","f":232784514,"l":232784515,"T":1775304766087,"m":true,"M":true},{"a":146121796,"p":"2.31700000","q":"6.09000000","f":232784516,"l":232784516,"T":1775304788397,"m":false,"M":true},{"a":146121797,"p":"2.31700000","q":"30.32000000","f":232784517,"l":232784517,"T":1775304859447,"m":false,"M":true},{"a":146121798,"p":"2.31600000","q":"14.30000000","f":232784518,"l":232784521,"T":1775304893200,"m":true,"M":true},{"a":146121799,"p":"2.31600000","q":"2.95000000","f":232784522,"l":232784522,"T":1775304893634,"m":true,"M":true},{"a":146121800,"p":"2.31500000","q":"10.81000000","f":232784523,"l":232784525,"T":1775304902274,"m":true,"M":true},{"a":146121801,"p":"2.31400000","q":"32.29000000","f":232784526,"l":232784526,"T":1775304902274,"m":true,"M":true},{"a":146121802,"p":"2.31500000","q":"649.77000000","f":232784527,"l":232784529,"T":1775304932124,"m":false,"M":true},{"a":146121803,"p":"2.31500000","q":"674.07000000","f":232784530,"l":232784541,"T":1775304939817,"m":true,"M":true},{"a":146121804,"p":"2.31400000","q":"137.61000000","f":232784542,"l":232784543,"T":1775304939817,"m":true,"M":true},{"a":146121805,"p":"2.31500000","q":"9.06000000","f":232784544,"l":232784544,"T":1775304939954,"m":true,"M":true},{"a":146121806,"p":"2.31500000","q":"9.49000000","f":232784545,"l":232784545,"T":1775304939954,"m":true,"M":true},{"a":146121807,"p":"2.31600000","q":"155.04000000","f":232784546,"l":232784547,"T":1775304983372,"m":false,"M":true},{"a":146121808,"p":"2.31700000","q":"480.04000000","f":232784548,"l":232784548,"T":1775305007174,"m":false,"M":true},{"a":146121809,"p":"2.31700000","q":"206.44000000","f":232784549,"l":232784549,"T":1775305007174,"m":false,"M":true},{"a":146121810,"p":"2.31700000","q":"339.80000000","f":232784550,"l":232784554,"T":1775305007174,"m":false,"M":true},{"a":146121811,"p":"2.31800000","q":"4.00000000","f":232784555,"l":232784555,"T":1775305027504,"m":false,"M":true},{"a":146121812,"p":"2.31800000","q":"71.86000000","f":232784556,"l":232784557,"T":1775305030531,"m":false,"M":true},{"a":146121813,"p":"2.31800000","q":"276.15000000","f":232784558,"l":232784561,"T":1775305030531,"m":false,"M":true},{"a":146121814,"p":"2.31900000","q":"86.17000000","f":232784562,"l":232784564,"T":1775305032594,"m":false,"M":true},{"a":146121815,"p":"2.31900000","q":"111.36000000","f":232784565,"l":232784565,"T":1775305032738,"m":true,"M":true},{"a":146121816,"p":"2.31900000","q":"3.45000000","f":232784566,"l":232784566,"T":1775305100356,"m":true,"M":true},{"a":146121817,"p":"2.32000000","q":"4.31000000","f":232784567,"l":232784567,"T":1775305103983,"m":false,"M":true},{"a":146121818,"p":"2.32000000","q":"85.77000000","f":232784568,"l":232784569,"T":1775305139000,"m":false,"M":true},{"a":146121819,"p":"2.31900000","q":"43.10000000","f":232784570,"l":232784570,"T":1775305187640,"m":true,"M":true},{"a":146121820,"p":"2.31900000","q":"5.17000000","f":232784571,"l":232784571,"T":1775305195909,"m":true,"M":true},{"a":146121821,"p":"2.32000000","q":"39.93000000","f":232784572,"l":232784575,"T":1775305248138,"m":false,"M":true},{"a":146121822,"p":"2.32000000","q":"399.94000000","f":232784576,"l":232784581,"T":1775305254097,"m":false,"M":true},{"a":146121823,"p":"2.32000000","q":"15.50000000","f":232784582,"l":232784582,"T":1775305293138,"m":false,"M":true},{"a":146121824,"p":"2.32000000","q":"17.34000000","f":232784583,"l":232784583,"T":1775305293852,"m":false,"M":true},{"a":146121825,"p":"2.32000000","q":"13.94000000","f":232784584,"l":232784584,"T":1775305308146,"m":false,"M":true},{"a":146121826,"p":"2.32000000","q":"233.11000000","f":232784585,"l":232784585,"T":1775305310202,"m":false,"M":true},{"a":146121827,"p":"2.32000000","q":"268.76000000","f":232784586,"l":232784586,"T":1775305310202,"m":false,"M":true},{"a":146121828,"p":"2.32000000","q":"493.07000000","f":232784587,"l":232784588,"T":1775305310203,"m":false,"M":true},{"a":146121829,"p":"2.32100000","q":"175.62000000","f":232784589,"l":232784597,"T":1775305310255,"m":false,"M":true},{"a":146121830,"p":"2.32100000","q":"34.64000000","f":232784598,"l":232784598,"T":1775305310426,"m":true,"M":true},{"a":146121831,"p":"2.32000000","q":"96.52000000","f":232784599,"l":232784599,"T":1775305310426,"m":true,"M":true},{"a":146121832,"p":"2.32000000","q":"56.26000000","f":232784600,"l":232784600,"T":1775305312511,"m":true,"M":true},{"a":146121833,"p":"2.32100000","q":"41.32000000","f":232784601,"l":232784602,"T":1775305317444,"m":false,"M":true},{"a":146121834,"p":"2.32200000","q":"317.68000000","f":232784603,"l":232784609,"T":1775305317444,"m":false,"M":true},{"a":146121835,"p":"2.32200000","q":"114.97000000","f":232784610,"l":232784611,"T":1775305317664,"m":true,"M":true},{"a":146121836,"p":"2.32200000","q":"3.00000000","f":232784612,"l":232784612,"T":1775305319156,"m":true,"M":true},{"a":146121837,"p":"2.32200000","q":"12.78000000","f":232784613,"l":232784613,"T":1775305320087,"m":true,"M":true},{"a":146121838,"p":"2.32200000","q":"132.16000000","f":232784614,"l":232784616,"T":1775305320518,"m":true,"M":true},{"a":146121839,"p":"2.32200000","q":"173.01000000","f":232784617,"l":232784617,"T":1775305321086,"m":true,"M":true},{"a":146121840,"p":"2.32100000","q":"4.58000000","f":232784618,"l":232784619,"T":1775305321205,"m":true,"M":true},{"a":146121841,"p":"2.32200000","q":"230.33000000","f":232784620,"l":232784623,"T":1775305322589,"m":false,"M":true},{"a":146121842,"p":"2.32200000","q":"23.86000000","f":232784624,"l":232784624,"T":1775305323139,"m":false,"M":true},{"a":146121843,"p":"2.32200000","q":"8.61000000","f":232784625,"l":232784625,"T":1775305329670,"m":false,"M":true},{"a":146121844,"p":"2.32200000","q":"30.38000000","f":232784626,"l":232784626,"T":1775305358139,"m":false,"M":true},{"a":146121845,"p":"2.32200000","q":"30.19000000","f":232784627,"l":232784627,"T":1775305368138,"m":false,"M":true},{"a":146121846,"p":"2.32200000","q":"45.91000000","f":232784628,"l":232784628,"T":1775305386279,"m":false,"M":true},{"a":146121847,"p":"2.32300000","q":"40.77000000","f":232784629,"l":232784630,"T":1775305398138,"m":false,"M":true},{"a":146121848,"p":"2.32300000","q":"215.76000000","f":232784631,"l":232784633,"T":1775305417039,"m":false,"M":true},{"a":146121849,"p":"2.32400000","q":"144.24000000","f":232784634,"l":232784639,"T":1775305417039,"m":false,"M":true},{"a":146121850,"p":"2.32300000","q":"139.81000000","f":232784640,"l":232784642,"T":1775305417354,"m":true,"M":true},{"a":146121851,"p":"2.32300000","q":"110.59000000","f":232784643,"l":232784643,"T":1775305419082,"m":true,"M":true},{"a":146121852,"p":"2.32300000","q":"168.87000000","f":232784644,"l":232784645,"T":1775305419084,"m":true,"M":true},{"a":146121853,"p":"2.32300000","q":"4.53000000","f":232784646,"l":232784646,"T":1775305420503,"m":false,"M":true},{"a":146121854,"p":"2.32300000","q":"500.00000000","f":232784647,"l":232784648,"T":1775305426541,"m":false,"M":true},{"a":146121855,"p":"2.32300000","q":"12.57000000","f":232784649,"l":232784649,"T":1775305426543,"m":false,"M":true},{"a":146121856,"p":"2.32300000","q":"32.03000000","f":232784650,"l":232784651,"T":1775305426545,"m":false,"M":true},{"a":146121857,"p":"2.32300000","q":"496.18000000","f":232784652,"l":232784656,"T":1775305427967,"m":true,"M":true},{"a":146121858,"p":"2.32400000","q":"34.13000000","f":232784657,"l":232784657,"T":1775305428138,"m":false,"M":true},{"a":146121859,"p":"2.32400000","q":"36.00000000","f":232784658,"l":232784659,"T":1775305428772,"m":false,"M":true},{"a":146121860,"p":"2.32300000","q":"33.11000000","f":232784660,"l":232784661,"T":1775305437988,"m":true,"M":true},{"a":146121861,"p":"2.32300000","q":"43.10000000","f":232784662,"l":232784662,"T":1775305456827,"m":true,"M":true},{"a":146121862,"p":"2.32400000","q":"29.82000000","f":232784663,"l":232784664,"T":1775305458139,"m":false,"M":true},{"a":146121863,"p":"2.32400000","q":"288.69000000","f":232784665,"l":232784668,"T":1775305464661,"m":false,"M":true},{"a":146121864,"p":"2.32400000","q":"18.56000000","f":232784669,"l":232784669,"T":1775305464664,"m":true,"M":true},{"a":146121865,"p":"2.32400000","q":"73.44000000","f":232784670,"l":232784670,"T":1775305464916,"m":true,"M":true},{"a":146121866,"p":"2.32300000","q":"142.93000000","f":232784671,"l":232784671,"T":1775305465019,"m":true,"M":true},{"a":146121867,"p":"2.32300000","q":"815.29000000","f":232784672,"l":232784678,"T":1775305469662,"m":true,"M":true},{"a":146121868,"p":"2.32300000","q":"46.78000000","f":232784679,"l":232784679,"T":1775305488138,"m":false,"M":true},{"a":146121869,"p":"2.32300000","q":"109.26000000","f":232784680,"l":232784681,"T":1775305494008,"m":false,"M":true},{"a":146121870,"p":"2.32300000","q":"44.41000000","f":232784682,"l":232784682,"T":1775305523141,"m":false,"M":true},{"a":146121871,"p":"2.32300000","q":"7.03000000","f":232784683,"l":232784683,"T":1775305532705,"m":false,"M":true},{"a":146121872,"p":"2.32400000","q":"11.66000000","f":232784684,"l":232784684,"T":1775305532705,"m":false,"M":true},{"a":146121873,"p":"2.32400000","q":"26.77000000","f":232784685,"l":232784685,"T":1775305548139,"m":false,"M":true},{"a":146121874,"p":"2.32300000","q":"359.96000000","f":232784686,"l":232784687,"T":1775305563603,"m":true,"M":true},{"a":146121875,"p":"2.32300000","q":"83.51000000","f":232784688,"l":232784688,"T":1775305563603,"m":true,"M":true},{"a":146121876,"p":"2.32200000","q":"159.27000000","f":232784689,"l":232784693,"T":1775305563608,"m":true,"M":true},{"a":146121877,"p":"2.32100000","q":"162.96000000","f":232784694,"l":232784696,"T":1775305563608,"m":true,"M":true},{"a":146121878,"p":"2.32100000","q":"557.47000000","f":232784697,"l":232784701,"T":1775305563609,"m":true,"M":true},{"a":146121879,"p":"2.32100000","q":"838.60000000","f":232784702,"l":232784703,"T":1775305563609,"m":true,"M":true},{"a":146121880,"p":"2.32200000","q":"149.10000000","f":232784704,"l":232784704,"T":1775305563610,"m":true,"M":true},{"a":146121881,"p":"2.32100000","q":"226.76000000","f":232784705,"l":232784705,"T":1775305563610,"m":true,"M":true},{"a":146121882,"p":"2.32100000","q":"382.65000000","f":232784706,"l":232784706,"T":1775305563610,"m":true,"M":true},{"a":146121883,"p":"2.32000000","q":"43.10000000","f":232784707,"l":232784707,"T":1775305563741,"m":true,"M":true},{"a":146121884,"p":"2.32100000","q":"56.21000000","f":232784708,"l":232784708,"T":1775305573139,"m":false,"M":true},{"a":146121885,"p":"2.32000000","q":"2.32000000","f":232784709,"l":232784709,"T":1775305594324,"m":true,"M":true},{"a":146121886,"p":"2.32100000","q":"2.15000000","f":232784710,"l":232784710,"T":1775305601570,"m":false,"M":true},{"a":146121887,"p":"2.32100000","q":"14.16000000","f":232784711,"l":232784711,"T":1775305608139,"m":false,"M":true},{"a":146121888,"p":"2.32000000","q":"68.31000000","f":232784712,"l":232784717,"T":1775305610170,"m":true,"M":true},{"a":146121889,"p":"2.32000000","q":"88.66000000","f":232784718,"l":232784718,"T":1775305610170,"m":true,"M":true},{"a":146121890,"p":"2.31900000","q":"403.82000000","f":232784719,"l":232784723,"T":1775305610172,"m":true,"M":true},{"a":146121891,"p":"2.31800000","q":"73.59000000","f":232784724,"l":232784727,"T":1775305610225,"m":true,"M":true},{"a":146121892,"p":"2.31800000","q":"43.10000000","f":232784728,"l":232784729,"T":1775305610309,"m":true,"M":true},{"a":146121893,"p":"2.31800000","q":"35.45000000","f":232784730,"l":232784730,"T":1775305656952,"m":false,"M":true},{"a":146121894,"p":"2.31700000","q":"10.80000000","f":232784731,"l":232784733,"T":1775305688473,"m":true,"M":true},{"a":146121895,"p":"2.31600000","q":"4.19000000","f":232784734,"l":232784735,"T":1775305743238,"m":true,"M":true},{"a":146121896,"p":"2.31600000","q":"3.46000000","f":232784736,"l":232784737,"T":1775305743377,"m":true,"M":true},{"a":146121897,"p":"2.31700000","q":"205.00000000","f":232784738,"l":232784740,"T":1775305769972,"m":false,"M":true},{"a":146121898,"p":"2.31600000","q":"103.00000000","f":232784741,"l":232784742,"T":1775305785694,"m":true,"M":true},{"a":146121899,"p":"2.31500000","q":"2.55000000","f":232784743,"l":232784743,"T":1775305796164,"m":true,"M":true},{"a":146121900,"p":"2.31500000","q":"6.49000000","f":232784744,"l":232784744,"T":1775305796263,"m":true,"M":true},{"a":146121901,"p":"2.31600000","q":"57.31000000","f":232784745,"l":232784745,"T":1775305804383,"m":false,"M":true},{"a":146121902,"p":"2.31600000","q":"74.92000000","f":232784746,"l":232784746,"T":1775305833256,"m":false,"M":true},{"a":146121903,"p":"2.31500000","q":"21.74000000","f":232784747,"l":232784747,"T":1775305887686,"m":true,"M":true},{"a":146121904,"p":"2.31500000","q":"299.39000000","f":232784748,"l":232784753,"T":1775305939600,"m":true,"M":true},{"a":146121905,"p":"2.31500000","q":"204.91000000","f":232784754,"l":232784754,"T":1775305942073,"m":false,"M":true},{"a":146121906,"p":"2.31400000","q":"4.33000000","f":232784755,"l":232784755,"T":1775305947691,"m":true,"M":true},{"a":146121907,"p":"2.31400000","q":"313.04000000","f":232784756,"l":232784757,"T":1775305947726,"m":false,"M":true},{"a":146121908,"p":"2.31400000","q":"62.82000000","f":232784758,"l":232784760,"T":1775305948572,"m":false,"M":true},{"a":146121909,"p":"2.31400000","q":"58.91000000","f":232784761,"l":232784761,"T":1775305950357,"m":false,"M":true},{"a":146121910,"p":"2.31400000","q":"83.57000000","f":232784762,"l":232784762,"T":1775305951177,"m":false,"M":true},{"a":146121911,"p":"2.31500000","q":"121.06000000","f":232784763,"l":232784764,"T":1775305951177,"m":false,"M":true},{"a":146121912,"p":"2.31500000","q":"683.70000000","f":232784765,"l":232784769,"T":1775305954118,"m":false,"M":true},{"a":146121913,"p":"2.31500000","q":"58.07000000","f":232784770,"l":232784770,"T":1775305954118,"m":false,"M":true},{"a":146121914,"p":"2.31500000","q":"255.10000000","f":232784771,"l":232784772,"T":1775306004206,"m":true,"M":true},{"a":146121915,"p":"2.31400000","q":"10.81000000","f":232784773,"l":232784775,"T":1775306045570,"m":true,"M":true},{"a":146121916,"p":"2.31300000","q":"298.96000000","f":232784776,"l":232784781,"T":1775306113886,"m":true,"M":true},{"a":146121917,"p":"2.31200000","q":"102.03000000","f":232784782,"l":232784784,"T":1775306113886,"m":true,"M":true},{"a":146121918,"p":"2.31200000","q":"7.90000000","f":232784785,"l":232784786,"T":1775306113889,"m":true,"M":true},{"a":146121919,"p":"2.31200000","q":"90.07000000","f":232784787,"l":232784788,"T":1775306113891,"m":true,"M":true},{"a":146121920,"p":"2.31200000","q":"121.26000000","f":232784789,"l":232784792,"T":1775306113891,"m":true,"M":true},{"a":146121921,"p":"2.31200000","q":"101.18000000","f":232784793,"l":232784793,"T":1775306113894,"m":true,"M":true},{"a":146121922,"p":"2.31200000","q":"210.17000000","f":232784794,"l":232784794,"T":1775306113894,"m":true,"M":true},{"a":146121923,"p":"2.31200000","q":"61.50000000","f":232784795,"l":232784796,"T":1775306113895,"m":true,"M":true},{"a":146121924,"p":"2.31200000","q":"189.89000000","f":232784797,"l":232784797,"T":1775306113895,"m":true,"M":true},{"a":146121925,"p":"2.31200000","q":"74.17000000","f":232784798,"l":232784798,"T":1775306113896,"m":true,"M":true},{"a":146121926,"p":"2.31200000","q":"103.89000000","f":232784799,"l":232784799,"T":1775306113898,"m":true,"M":true},{"a":146121927,"p":"2.31200000","q":"52.23000000","f":232784800,"l":232784800,"T":1775306113899,"m":true,"M":true},{"a":146121928,"p":"2.31100000","q":"43.10000000","f":232784801,"l":232784801,"T":1775306114021,"m":true,"M":true},{"a":146121929,"p":"2.31100000","q":"55.20000000","f":232784802,"l":232784802,"T":1775306140767,"m":true,"M":true},{"a":146121930,"p":"2.31100000","q":"10.83000000","f":232784803,"l":232784805,"T":1775306169574,"m":true,"M":true},{"a":146121931,"p":"2.31100000","q":"1690.06000000","f":232784806,"l":232784809,"T":1775306181998,"m":false,"M":true},{"a":146121932,"p":"2.31100000","q":"5.02000000","f":232784810,"l":232784810,"T":1775306246936,"m":true,"M":true},{"a":146121933,"p":"2.31200000","q":"24.37000000","f":232784811,"l":232784813,"T":1775306263291,"m":false,"M":true},{"a":146121934,"p":"2.31000000","q":"23.43000000","f":232784814,"l":232784817,"T":1775306304764,"m":true,"M":true},{"a":146121935,"p":"2.31000000","q":"43.10000000","f":232784818,"l":232784818,"T":1775306337449,"m":true,"M":true},{"a":146121936,"p":"2.31000000","q":"96.18000000","f":232784819,"l":232784821,"T":1775306337451,"m":true,"M":true},{"a":146121937,"p":"2.31000000","q":"115.91000000","f":232784822,"l":232784823,"T":1775306337451,"m":true,"M":true},{"a":146121938,"p":"2.31000000","q":"8.59000000","f":232784824,"l":232784824,"T":1775306337451,"m":true,"M":true},{"a":146121939,"p":"2.30900000","q":"5.24000000","f":232784825,"l":232784826,"T":1775306338734,"m":true,"M":true},{"a":146121940,"p":"2.31000000","q":"45.00000000","f":232784827,"l":232784827,"T":1775306340971,"m":false,"M":true},{"a":146121941,"p":"2.31000000","q":"8.59000000","f":232784828,"l":232784828,"T":1775306351010,"m":false,"M":true},{"a":146121942,"p":"2.31000000","q":"98.65000000","f":232784829,"l":232784829,"T":1775306351010,"m":false,"M":true},{"a":146121943,"p":"2.31100000","q":"245.23000000","f":232784830,"l":232784831,"T":1775306351044,"m":false,"M":true},{"a":146121944,"p":"2.31000000","q":"1076.26000000","f":232784832,"l":232784841,"T":1775306369071,"m":true,"M":true},{"a":146121945,"p":"2.30900000","q":"480.95000000","f":232784842,"l":232784845,"T":1775306369071,"m":true,"M":true},{"a":146121946,"p":"2.30900000","q":"32.88000000","f":232784846,"l":232784849,"T":1775306410298,"m":true,"M":true},{"a":146121947,"p":"2.30900000","q":"12.99000000","f":232784850,"l":232784850,"T":1775306419389,"m":true,"M":true},{"a":146121948,"p":"2.30800000","q":"64.97000000","f":232784851,"l":232784854,"T":1775306476676,"m":true,"M":true},{"a":146121949,"p":"2.30800000","q":"426.17000000","f":232784855,"l":232784858,"T":1775306484760,"m":true,"M":true},{"a":146121950,"p":"2.30900000","q":"531.13000000","f":232784859,"l":232784862,"T":1775306535578,"m":false,"M":true},{"a":146121951,"p":"2.30800000","q":"43.10000000","f":232784863,"l":232784863,"T":1775306548603,"m":true,"M":true},{"a":146121952,"p":"2.30800000","q":"285.45000000","f":232784864,"l":232784866,"T":1775306567205,"m":true,"M":true},{"a":146121953,"p":"2.30800000","q":"666.02000000","f":232784867,"l":232784870,"T":1775306575826,"m":true,"M":true},{"a":146121954,"p":"2.30800000","q":"23.55000000","f":232784871,"l":232784871,"T":1775306575827,"m":true,"M":true},{"a":146121955,"p":"2.30800000","q":"76.70000000","f":232784872,"l":232784874,"T":1775306585068,"m":false,"M":true},{"a":146121956,"p":"2.30700000","q":"10.84000000","f":232784875,"l":232784877,"T":1775306601498,"m":true,"M":true},{"a":146121957,"p":"2.30700000","q":"3.00000000","f":232784878,"l":232784878,"T":1775306602065,"m":false,"M":true},{"a":146121958,"p":"2.30700000","q":"71.86000000","f":232784879,"l":232784880,"T":1775306693965,"m":false,"M":true},{"a":146121959,"p":"2.30700000","q":"270.74000000","f":232784881,"l":232784882,"T":1775306693966,"m":false,"M":true},{"a":146121960,"p":"2.30800000","q":"27.00000000","f":232784883,"l":232784883,"T":1775306693972,"m":false,"M":true},{"a":146121961,"p":"2.30800000","q":"41.00000000","f":232784884,"l":232784884,"T":1775306693973,"m":false,"M":true},{"a":146121962,"p":"2.30800000","q":"41.00000000","f":232784885,"l":232784885,"T":1775306693973,"m":false,"M":true},{"a":146121963,"p":"2.30600000","q":"76.65000000","f":232784886,"l":232784889,"T":1775306716157,"m":true,"M":true},{"a":146121964,"p":"2.30600000","q":"412.32000000","f":232784890,"l":232784893,"T":1775306716157,"m":true,"M":true},{"a":146121965,"p":"2.30500000","q":"396.20000000","f":232784894,"l":232784899,"T":1775306716158,"m":true,"M":true},{"a":146121966,"p":"2.30500000","q":"7.50000000","f":232784900,"l":232784900,"T":1775306716161,"m":false,"M":true},{"a":146121967,"p":"2.30500000","q":"56.44000000","f":232784901,"l":232784902,"T":1775306716371,"m":false,"M":true},{"a":146121968,"p":"2.30400000","q":"38.10000000","f":232784903,"l":232784903,"T":1775306717179,"m":true,"M":true},{"a":146121969,"p":"2.30400000","q":"26.11000000","f":232784904,"l":232784905,"T":1775306717313,"m":true,"M":true},{"a":146121970,"p":"2.30300000","q":"7.02000000","f":232784906,"l":232784906,"T":1775306717313,"m":true,"M":true},{"a":146121971,"p":"2.30400000","q":"2.23000000","f":232784907,"l":232784907,"T":1775306717401,"m":false,"M":true},{"a":146121972,"p":"2.30400000","q":"113.72000000","f":232784908,"l":232784908,"T":1775306718031,"m":false,"M":true},{"a":146121973,"p":"2.30400000","q":"51.01000000","f":232784909,"l":232784909,"T":1775306720795,"m":false,"M":true},{"a":146121974,"p":"2.30400000","q":"4.57000000","f":232784910,"l":232784910,"T":1775306720895,"m":false,"M":true},{"a":146121975,"p":"2.30400000","q":"141.40000000","f":232784911,"l":232784911,"T":1775306723947,"m":false,"M":true},{"a":146121976,"p":"2.30500000","q":"8.31000000","f":232784912,"l":232784912,"T":1775306725479,"m":false,"M":true},{"a":146121977,"p":"2.30500000","q":"76.78000000","f":232784913,"l":232784917,"T":1775306740436,"m":false,"M":true},{"a":146121978,"p":"2.30500000","q":"123.50000000","f":232784918,"l":232784918,"T":1775306740437,"m":false,"M":true},{"a":146121979,"p":"2.30600000","q":"8.31000000","f":232784919,"l":232784919,"T":1775306821972,"m":false,"M":true},{"a":146121980,"p":"2.30600000","q":"160.68000000","f":232784920,"l":232784921,"T":1775306823421,"m":false,"M":true},{"a":146121981,"p":"2.30600000","q":"12.06000000","f":232784922,"l":232784922,"T":1775306936620,"m":false,"M":true},{"a":146121982,"p":"2.30600000","q":"283.64000000","f":232784923,"l":232784926,"T":1775307076197,"m":false,"M":true},{"a":146121983,"p":"2.30500000","q":"6.00000000","f":232784927,"l":232784928,"T":1775307113976,"m":true,"M":true},{"a":146121984,"p":"2.30600000","q":"44.88000000","f":232784929,"l":232784929,"T":1775307145514,"m":false,"M":true},{"a":146121985,"p":"2.30600000","q":"4.01000000","f":232784930,"l":232784931,"T":1775307173835,"m":false,"M":true},{"a":146121986,"p":"2.30500000","q":"156.80000000","f":232784932,"l":232784934,"T":1775307225242,"m":false,"M":true},{"a":146121987,"p":"2.30600000","q":"637.18000000","f":232784935,"l":232784940,"T":1775307225245,"m":false,"M":true},{"a":146121988,"p":"2.30700000","q":"173.00000000","f":232784941,"l":232784946,"T":1775307225318,"m":false,"M":true},{"a":146121989,"p":"2.30800000","q":"88.10000000","f":232784947,"l":232784947,"T":1775307225318,"m":false,"M":true},{"a":146121990,"p":"2.30700000","q":"20.30000000","f":232784948,"l":232784948,"T":1775307225415,"m":true,"M":true},{"a":146121991,"p":"2.30700000","q":"14.34000000","f":232784949,"l":232784949,"T":1775307225416,"m":true,"M":true},{"a":146121992,"p":"2.30700000","q":"10.00000000","f":232784950,"l":232784950,"T":1775307237422,"m":false,"M":true},{"a":146121993,"p":"2.30700000","q":"56.35000000","f":232784951,"l":232784952,"T":1775307275371,"m":false,"M":true},{"a":146121994,"p":"2.30600000","q":"43.36000000","f":232784953,"l":232784953,"T":1775307329392,"m":true,"M":true},{"a":146121995,"p":"2.30700000","q":"233.25000000","f":232784954,"l":232784957,"T":1775307362441,"m":false,"M":true},{"a":146121996,"p":"2.30700000","q":"360.87000000","f":232784958,"l":232784960,"T":1775307368231,"m":true,"M":true},{"a":146121997,"p":"2.30700000","q":"302.08000000","f":232784961,"l":232784965,"T":1775307368231,"m":true,"M":true},{"a":146121998,"p":"2.30700000","q":"82.02000000","f":232784966,"l":232784966,"T":1775307368232,"m":true,"M":true},{"a":146121999,"p":"2.30600000","q":"3.40000000","f":232784967,"l":232784967,"T":1775307533434,"m":true,"M":true},{"a":146122000,"p":"2.30700000","q":"8.00000000","f":232784968,"l":232784968,"T":1775307650474,"m":false,"M":true},{"a":146122001,"p":"2.30700000","q":"203.49000000","f":232784969,"l":232784971,"T":1775307685030,"m":false,"M":true},{"a":146122002,"p":"2.30700000","q":"95.36000000","f":232784972,"l":232784973,"T":1775307692546,"m":true,"M":true},{"a":146122003,"p":"2.30700000","q":"3.47000000","f":232784974,"l":232784974,"T":1775307716124,"m":true,"M":true},{"a":146122004,"p":"2.30700000","q":"20.99000000","f":232784975,"l":232784975,"T":1775307821491,"m":true,"M":true},{"a":146122005,"p":"2.30700000","q":"92.58000000","f":232784976,"l":232784977,"T":1775307852949,"m":true,"M":true},{"a":146122006,"p":"2.30800000","q":"404.22000000","f":232784978,"l":232784983,"T":1775307924398,"m":false,"M":true},{"a":146122007,"p":"2.30700000","q":"100.42000000","f":232784984,"l":232784984,"T":1775307966291,"m":true,"M":true},{"a":146122008,"p":"2.30700000","q":"37.26000000","f":232784985,"l":232784987,"T":1775307977374,"m":true,"M":true},{"a":146122009,"p":"2.30700000","q":"950.50000000","f":232784988,"l":232784991,"T":1775308014691,"m":true,"M":true},{"a":146122010,"p":"2.30600000","q":"0.94000000","f":232784992,"l":232784992,"T":1775308020597,"m":true,"M":true},{"a":146122011,"p":"2.30600000","q":"261.06000000","f":232784993,"l":232784994,"T":1775308020633,"m":false,"M":true},{"a":146122012,"p":"2.30600000","q":"16.00000000","f":232784995,"l":232784996,"T":1775308028815,"m":false,"M":true},{"a":146122013,"p":"2.30500000","q":"36.74000000","f":232784997,"l":232784997,"T":1775308041124,"m":true,"M":true},{"a":146122014,"p":"2.30600000","q":"4.33000000","f":232784998,"l":232784998,"T":1775308051911,"m":false,"M":true},{"a":146122015,"p":"2.30500000","q":"2.99000000","f":232784999,"l":232784999,"T":1775308053055,"m":true,"M":true},{"a":146122016,"p":"2.30500000","q":"9.36000000","f":232785000,"l":232785001,"T":1775308057025,"m":true,"M":true},{"a":146122017,"p":"2.30500000","q":"4.75000000","f":232785002,"l":232785002,"T":1775308061576,"m":true,"M":true},{"a":146122018,"p":"2.30500000","q":"429.78000000","f":232785003,"l":232785006,"T":1775308115545,"m":false,"M":true},{"a":146122019,"p":"2.30500000","q":"15.00000000","f":232785007,"l":232785007,"T":1775308120859,"m":true,"M":true},{"a":146122020,"p":"2.30500000","q":"4.31000000","f":232785008,"l":232785008,"T":1775308137034,"m":true,"M":true},{"a":146122021,"p":"2.30500000","q":"215.70000000","f":232785009,"l":232785010,"T":1775308199722,"m":true,"M":true},{"a":146122022,"p":"2.30500000","q":"414.97000000","f":232785011,"l":232785013,"T":1775308202258,"m":false,"M":true},{"a":146122023,"p":"2.30500000","q":"77.65000000","f":232785014,"l":232785015,"T":1775308206109,"m":false,"M":true},{"a":146122024,"p":"2.30600000","q":"26.99000000","f":232785016,"l":232785016,"T":1775308213675,"m":false,"M":true},{"a":146122025,"p":"2.30600000","q":"4.55000000","f":232785017,"l":232785018,"T":1775308215597,"m":false,"M":true},{"a":146122026,"p":"2.30600000","q":"17.05000000","f":232785019,"l":232785019,"T":1775308224742,"m":false,"M":true},{"a":146122027,"p":"2.30600000","q":"378.64000000","f":232785020,"l":232785025,"T":1775308224861,"m":false,"M":true},{"a":146122028,"p":"2.30600000","q":"185.62000000","f":232785026,"l":232785026,"T":1775308224955,"m":true,"M":true},{"a":146122029,"p":"2.30700000","q":"150.80000000","f":232785027,"l":232785032,"T":1775308254410,"m":false,"M":true},{"a":146122030,"p":"2.30700000","q":"38.14000000","f":232785033,"l":232785034,"T":1775308263553,"m":true,"M":true},{"a":146122031,"p":"2.30700000","q":"63.46000000","f":232785035,"l":232785035,"T":1775308273690,"m":true,"M":true},{"a":146122032,"p":"2.30700000","q":"74.96000000","f":232785036,"l":232785036,"T":1775308273691,"m":true,"M":true},{"a":146122033,"p":"2.30700000","q":"579.96000000","f":232785037,"l":232785042,"T":1775308303485,"m":false,"M":true},{"a":146122034,"p":"2.30700000","q":"26.96000000","f":232785043,"l":232785043,"T":1775308329597,"m":true,"M":true},{"a":146122035,"p":"2.30700000","q":"335.01000000","f":232785044,"l":232785044,"T":1775308360037,"m":true,"M":true},{"a":146122036,"p":"2.30800000","q":"109.58000000","f":232785045,"l":232785049,"T":1775308411405,"m":false,"M":true},{"a":146122037,"p":"2.30800000","q":"32.97000000","f":232785050,"l":232785050,"T":1775308411412,"m":false,"M":true},{"a":146122038,"p":"2.30900000","q":"83.55000000","f":232785051,"l":232785055,"T":1775308430823,"m":false,"M":true},{"a":146122039,"p":"2.31000000","q":"256.88000000","f":232785056,"l":232785061,"T":1775308443400,"m":false,"M":true},{"a":146122040,"p":"2.31100000","q":"30.06000000","f":232785062,"l":232785065,"T":1775308443609,"m":false,"M":true},{"a":146122041,"p":"2.31100000","q":"181.12000000","f":232785066,"l":232785068,"T":1775308443967,"m":true,"M":true},{"a":146122042,"p":"2.31100000","q":"173.04000000","f":232785069,"l":232785070,"T":1775308459016,"m":true,"M":true},{"a":146122043,"p":"2.31100000","q":"411.78000000","f":232785071,"l":232785075,"T":1775308459016,"m":true,"M":true},{"a":146122044,"p":"2.31100000","q":"429.85000000","f":232785076,"l":232785076,"T":1775308459019,"m":true,"M":true},{"a":146122045,"p":"2.31100000","q":"95.77000000","f":232785077,"l":232785077,"T":1775308483055,"m":false,"M":true},{"a":146122046,"p":"2.31100000","q":"32.51000000","f":232785078,"l":232785078,"T":1775308491222,"m":true,"M":true},{"a":146122047,"p":"2.31200000","q":"174.69000000","f":232785079,"l":232785083,"T":1775308510285,"m":false,"M":true},{"a":146122048,"p":"2.31200000","q":"743.89000000","f":232785084,"l":232785088,"T":1775308510599,"m":false,"M":true},{"a":146122049,"p":"2.31300000","q":"7.78000000","f":232785089,"l":232785089,"T":1775308514859,"m":false,"M":true},{"a":146122050,"p":"2.31200000","q":"8.65000000","f":232785090,"l":232785090,"T":1775308589271,"m":false,"M":true},{"a":146122051,"p":"2.31100000","q":"49.10000000","f":232785091,"l":232785091,"T":1775308598492,"m":true,"M":true},{"a":146122052,"p":"2.31100000","q":"292.22000000","f":232785092,"l":232785096,"T":1775308602717,"m":true,"M":true},{"a":146122053,"p":"2.31100000","q":"14.55000000","f":232785097,"l":232785097,"T":1775308637319,"m":false,"M":true},{"a":146122054,"p":"2.31100000","q":"3.70000000","f":232785098,"l":232785098,"T":1775308656474,"m":false,"M":true},{"a":146122055,"p":"2.31000000","q":"530.25000000","f":232785099,"l":232785105,"T":1775308674527,"m":true,"M":true},{"a":146122056,"p":"2.30900000","q":"4.97000000","f":232785106,"l":232785106,"T":1775308726740,"m":true,"M":true},{"a":146122057,"p":"2.30900000","q":"127.05000000","f":232785107,"l":232785107,"T":1775308727817,"m":true,"M":true},{"a":146122058,"p":"2.30900000","q":"3.19000000","f":232785108,"l":232785108,"T":1775308733633,"m":true,"M":true},{"a":146122059,"p":"2.30900000","q":"7.78000000","f":232785109,"l":232785109,"T":1775308736132,"m":true,"M":true},{"a":146122060,"p":"2.30900000","q":"362.80000000","f":232785110,"l":232785114,"T":1775308737114,"m":true,"M":true},{"a":146122061,"p":"2.30800000","q":"43.10000000","f":232785115,"l":232785115,"T":1775308737263,"m":true,"M":true},{"a":146122062,"p":"2.30800000","q":"2.21000000","f":232785116,"l":232785116,"T":1775308751075,"m":true,"M":true},{"a":146122063,"p":"2.30900000","q":"66.89000000","f":232785117,"l":232785117,"T":1775308822504,"m":false,"M":true},{"a":146122064,"p":"2.30900000","q":"45.45000000","f":232785118,"l":232785118,"T":1775308822504,"m":false,"M":true},{"a":146122065,"p":"2.30900000","q":"175.08000000","f":232785119,"l":232785122,"T":1775308822504,"m":false,"M":true},{"a":146122066,"p":"2.30900000","q":"48.46000000","f":232785123,"l":232785124,"T":1775308822504,"m":false,"M":true},{"a":146122067,"p":"2.31000000","q":"25.07000000","f":232785125,"l":232785127,"T":1775308841025,"m":false,"M":true},{"a":146122068,"p":"2.31000000","q":"48.54000000","f":232785128,"l":232785128,"T":1775308850607,"m":false,"M":true},{"a":146122069,"p":"2.31000000","q":"252.57000000","f":232785129,"l":232785132,"T":1775308850607,"m":false,"M":true},{"a":146122070,"p":"2.31100000","q":"2.90000000","f":232785133,"l":232785133,"T":1775308857334,"m":false,"M":true},{"a":146122071,"p":"2.31000000","q":"37.12000000","f":232785134,"l":232785134,"T":1775308863519,"m":true,"M":true}