[{"a":8184481,"p":"0.00003340","q":"16.67000000","f":11428479,"l":11428479,"T":1774780997698,"m":false,"M":true},{"a":8184482,"p":"0.00003340","q":"8.55000000","f":11428480,"l":11428481,"T":1774781000122,"m":false,"M":true},{"a":8184483,"p":"0.00003330","q":"3.65000000","f":11428482,"l":11428482,"T":1774781061830,"m":true,"M":true},{"a":8184484,"p":"0.00003340","q":"13.42000000","f":11428483,"l":11428483,"T":1774782434239,"m":true,"M":true},{"a":8184485,"p":"0.00003340","q":"328.06000000","f":11428484,"l":11428485,"T":1774782652416,"m":false,"M":true},{"a":8184486,"p":"0.00003340","q":"802.24000000","f":11428486,"l":11428489,"T":1774783321732,"m":false,"M":true},{"a":8184487,"p":"0.00003340","q":"37.12000000","f":11428490,"l":11428490,"T":1774784706520,"m":false,"M":true},{"a":8184488,"p":"0.00003330","q":"53.90000000","f":11428491,"l":11428492,"T":1774786502296,"m":true,"M":true},{"a":8184489,"p":"0.00003330","q":"5.22000000","f":11428493,"l":11428493,"T":1774786531737,"m":true,"M":true},{"a":8184490,"p":"0.00003330","q":"31.50000000","f":11428494,"l":11428494,"T":1774786594916,"m":true,"M":true},{"a":8184491,"p":"0.00003330","q":"0.40000000","f":11428495,"l":11428495,"T":1774786594916,"m":true,"M":true},{"a":8184492,"p":"0.00003330","q":"31.91000000","f":11428496,"l":11428496,"T":1774786644712,"m":false,"M":true},{"a":8184493,"p":"0.00003330","q":"8.99000000","f":11428497,"l":11428497,"T":1774787682013,"m":true,"M":true},{"a":8184494,"p":"0.00003330","q":"8.99000000","f":11428498,"l":11428498,"T":1774787682014,"m":true,"M":true},{"a":8184495,"p":"0.00003330","q":"8.99000000","f":11428499,"l":11428499,"T":1774787682014,"m":true,"M":true},{"a":8184496,"p":"0.00003330","q":"8.99000000","f":11428500,"l":11428500,"T":1774787682014,"m":true,"M":true},{"a":8184497,"p":"0.00003330","q":"1.16000000","f":11428501,"l":11428501,"T":1774787682014,"m":true,"M":true},{"a":8184498,"p":"0.00003330","q":"37.14000000","f":11428502,"l":11428502,"T":1774787701299,"m":false,"M":true},{"a":8184499,"p":"0.00003330","q":"37.02000000","f":11428503,"l":11428503,"T":1774792980483,"m":true,"M":true},{"a":8184500,"p":"0.00003330","q":"0.10000000","f":11428504,"l":11428504,"T":1774792980483,"m":true,"M":true},{"a":8184501,"p":"0.00003330","q":"37.13000000","f":11428505,"l":11428505,"T":1774793120976,"m":false,"M":true},{"a":8184502,"p":"0.00003320","q":"1000.00000000","f":11428506,"l":11428510,"T":1774793499568,"m":true,"M":true},{"a":8184503,"p":"0.00003340","q":"86.82000000","f":11428511,"l":11428512,"T":1774798917435,"m":false,"M":true},{"a":8184504,"p":"0.00003340","q":"17.99000000","f":11428513,"l":11428513,"T":1774800096277,"m":false,"M":true},{"a":8184505,"p":"0.00003340","q":"17.99000000","f":11428514,"l":11428514,"T":1774800096277,"m":false,"M":true},{"a":8184506,"p":"0.00003340","q":"1.14000000","f":11428515,"l":11428515,"T":1774800096277,"m":false,"M":true},{"a":8184507,"p":"0.00003340","q":"6.76000000","f":11428516,"l":11428516,"T":1774800286432,"m":false,"M":true},{"a":8184508,"p":"0.00003340","q":"30.36000000","f":11428517,"l":11428517,"T":1774800343041,"m":false,"M":true},{"a":8184509,"p":"0.00003330","q":"8.55000000","f":11428518,"l":11428518,"T":1774801195191,"m":true,"M":true},{"a":8184510,"p":"0.00003330","q":"23.74000000","f":11428519,"l":11428519,"T":1774803556971,"m":false,"M":true},{"a":8184511,"p":"0.00003330","q":"170.67000000","f":11428520,"l":11428521,"T":1774807725536,"m":true,"M":true},{"a":8184512,"p":"0.00003330","q":"92.75000000","f":11428522,"l":11428522,"T":1774807725538,"m":true,"M":true},{"a":8184513,"p":"0.00003330","q":"18.08000000","f":11428523,"l":11428523,"T":1774809377387,"m":false,"M":true},{"a":8184514,"p":"0.00003330","q":"19.04000000","f":11428524,"l":11428524,"T":1774809402991,"m":false,"M":true},{"a":8184515,"p":"0.00003340","q":"37.12000000","f":11428525,"l":11428525,"T":1774809863933,"m":false,"M":true},{"a":8184516,"p":"0.00003330","q":"2281.03000000","f":11428526,"l":11428533,"T":1774810723824,"m":true,"M":true},{"a":8184517,"p":"0.00003320","q":"1367.09000000","f":11428534,"l":11428540,"T":1774810723824,"m":true,"M":true},{"a":8184518,"p":"0.00003310","q":"2811.03000000","f":11428541,"l":11428553,"T":1774810723824,"m":true,"M":true},{"a":8184519,"p":"0.00003330","q":"9.46000000","f":11428554,"l":11428554,"T":1774810723828,"m":false,"M":true},{"a":8184520,"p":"0.00003340","q":"117.22000000","f":11428555,"l":11428557,"T":1774810723829,"m":false,"M":true},{"a":8184521,"p":"0.00003340","q":"8.55000000","f":11428558,"l":11428558,"T":1774810723829,"m":false,"M":true},{"a":8184522,"p":"0.00003330","q":"10.00000000","f":11428559,"l":11428559,"T":1774810784812,"m":true,"M":true},{"a":8184523,"p":"0.00003340","q":"70.99000000","f":11428560,"l":11428561,"T":1774813797363,"m":false,"M":true},{"a":8184524,"p":"0.00003340","q":"37.12000000","f":11428562,"l":11428562,"T":1774816380193,"m":true,"M":true},{"a":8184525,"p":"0.00003340","q":"37.12000000","f":11428563,"l":11428563,"T":1774818001809,"m":false,"M":true},{"a":8184526,"p":"0.00003350","q":"47.75000000","f":11428564,"l":11428565,"T":1774818195137,"m":false,"M":true},{"a":8184527,"p":"0.00003350","q":"69.21000000","f":11428566,"l":11428566,"T":1774818202793,"m":false,"M":true},{"a":8184528,"p":"0.00003350","q":"37.93000000","f":11428567,"l":11428567,"T":1774818206541,"m":false,"M":true},{"a":8184529,"p":"0.00003350","q":"26.89000000","f":11428568,"l":11428568,"T":1774818237999,"m":false,"M":true},{"a":8184530,"p":"0.00003350","q":"20.14000000","f":11428569,"l":11428569,"T":1774818244893,"m":false,"M":true},{"a":8184531,"p":"0.00003350","q":"12.20000000","f":11428570,"l":11428570,"T":1774818248597,"m":false,"M":true},{"a":8184532,"p":"0.00003350","q":"3.00000000","f":11428571,"l":11428571,"T":1774819975631,"m":false,"M":true},{"a":8184533,"p":"0.00003340","q":"85.61000000","f":11428572,"l":11428572,"T":1774824083205,"m":false,"M":true},{"a":8184534,"p":"0.00003330","q":"204.73000000","f":11428573,"l":11428573,"T":1774824166799,"m":false,"M":true},{"a":8184535,"p":"0.00003310","q":"43.95000000","f":11428574,"l":11428575,"T":1774824570521,"m":true,"M":true},{"a":8184536,"p":"0.00003310","q":"32.88000000","f":11428576,"l":11428576,"T":1774824571010,"m":false,"M":true},{"a":8184537,"p":"0.00003310","q":"12.65000000","f":11428577,"l":11428577,"T":1774824572583,"m":false,"M":true},{"a":8184538,"p":"0.00003310","q":"10.00000000","f":11428578,"l":11428578,"T":1774824630748,"m":true,"M":true},{"a":8184539,"p":"0.00003330","q":"37.12000000","f":11428579,"l":11428579,"T":1774826030891,"m":true,"M":true},{"a":8184540,"p":"0.00003330","q":"37.12000000","f":11428580,"l":11428580,"T":1774826492205,"m":false,"M":true},{"a":8184541,"p":"0.00003330","q":"37.12000000","f":11428581,"l":11428581,"T":1774827912782,"m":true,"M":true},{"a":8184542,"p":"0.00003330","q":"37.12000000","f":11428582,"l":11428582,"T":1774828391946,"m":true,"M":true},{"a":8184543,"p":"0.00003330","q":"16.25000000","f":11428583,"l":11428583,"T":1774828587387,"m":true,"M":true},{"a":8184544,"p":"0.00003330","q":"20.87000000","f":11428584,"l":11428584,"T":1774828620398,"m":true,"M":true},{"a":8184545,"p":"0.00003320","q":"28.37000000","f":11428585,"l":11428585,"T":1774828673555,"m":true,"M":true},{"a":8184546,"p":"0.00003340","q":"38.36000000","f":11428586,"l":11428587,"T":1774829157502,"m":false,"M":true},{"a":8184547,"p":"0.00003340","q":"37.12000000","f":11428588,"l":11428588,"T":1774829203153,"m":true,"M":true},{"a":8184548,"p":"0.00003350","q":"37.12000000","f":11428589,"l":11428589,"T":1774829954265,"m":false,"M":true},{"a":8184549,"p":"0.00003340","q":"37.12000000","f":11428590,"l":11428590,"T":1774830002888,"m":false,"M":true},{"a":8184550,"p":"0.00003340","q":"37.12000000","f":11428591,"l":11428591,"T":1774830002942,"m":false,"M":true},{"a":8184551,"p":"0.00003340","q":"37.12000000","f":11428592,"l":11428592,"T":1774830003710,"m":false,"M":true},{"a":8184552,"p":"0.00003340","q":"37.12000000","f":11428593,"l":11428593,"T":1774830451217,"m":true,"M":true},{"a":8184553,"p":"0.00003340","q":"37.12000000","f":11428594,"l":11428594,"T":1774831031004,"m":true,"M":true},{"a":8184554,"p":"0.00003340","q":"19.40000000","f":11428595,"l":11428595,"T":1774831067802,"m":true,"M":true},{"a":8184555,"p":"0.00003340","q":"37.12000000","f":11428596,"l":11428596,"T":1774831106427,"m":true,"M":true},{"a":8184556,"p":"0.00003340","q":"18.46000000","f":11428597,"l":11428597,"T":1774832507225,"m":false,"M":true},{"a":8184557,"p":"0.00003340","q":"18.66000000","f":11428598,"l":11428598,"T":1774832507225,"m":false,"M":true},{"a":8184558,"p":"0.00003340","q":"30.51000000","f":11428599,"l":11428599,"T":1774833075005,"m":true,"M":true},{"a":8184559,"p":"0.00003340","q":"37.12000000","f":11428600,"l":11428600,"T":1774834298305,"m":false,"M":true},{"a":8184560,"p":"0.00003340","q":"30.00000000","f":11428601,"l":11428601,"T":1774835088645,"m":false,"M":true},{"a":8184561,"p":"0.00003330","q":"4.60000000","f":11428602,"l":11428602,"T":1774835121831,"m":true,"M":true},{"a":8184562,"p":"0.00003340","q":"7.12000000","f":11428603,"l":11428603,"T":1774835803049,"m":false,"M":true},{"a":8184563,"p":"0.00003340","q":"18.40000000","f":11428604,"l":11428604,"T":1774835803051,"m":false,"M":true},{"a":8184564,"p":"0.00003340","q":"18.40000000","f":11428605,"l":11428605,"T":1774835803051,"m":false,"M":true},{"a":8184565,"p":"0.00003340","q":"0.32000000","f":11428606,"l":11428606,"T":1774835803051,"m":false,"M":true},{"a":8184566,"p":"0.00003340","q":"37.12000000","f":11428607,"l":11428607,"T":1774837020591,"m":false,"M":true},{"a":8184567,"p":"0.00003330","q":"8.85000000","f":11428608,"l":11428608,"T":1774838770182,"m":true,"M":true},{"a":8184568,"p":"0.00003330","q":"37.12000000","f":11428609,"l":11428609,"T":1774838770502,"m":false,"M":true},{"a":8184569,"p":"0.00003330","q":"37.12000000","f":11428610,"l":11428610,"T":1774838770846,"m":false,"M":true},{"a":8184570,"p":"0.00003330","q":"14.70000000","f":11428611,"l":11428611,"T":1774838771059,"m":false,"M":true},{"a":8184571,"p":"0.00003330","q":"9.80000000","f":11428612,"l":11428612,"T":1774838771060,"m":false,"M":true},{"a":8184572,"p":"0.00003330","q":"12.62000000","f":11428613,"l":11428613,"T":1774838771060,"m":false,"M":true},{"a":8184573,"p":"0.00003330","q":"37.12000000","f":11428614,"l":11428614,"T":1774838771282,"m":false,"M":true},{"a":8184574,"p":"0.00003330","q":"37.12000000","f":11428615,"l":11428615,"T":1774838771333,"m":false,"M":true},{"a":8184575,"p":"0.00003330","q":"37.12000000","f":11428616,"l":11428616,"T":1774838771336,"m":false,"M":true},{"a":8184576,"p":"0.00003330","q":"37.12000000","f":11428617,"l":11428617,"T":1774838771766,"m":false,"M":true},{"a":8184577,"p":"0.00003330","q":"37.12000000","f":11428618,"l":11428618,"T":1774838771818,"m":false,"M":true},{"a":8184578,"p":"0.00003330","q":"37.12000000","f":11428619,"l":11428619,"T":1774838772060,"m":false,"M":true},{"a":8184579,"p":"0.00003340","q":"37.12000000","f":11428620,"l":11428620,"T":1774839781224,"m":false,"M":true},{"a":8184580,"p":"0.00003340","q":"37.12000000","f":11428621,"l":11428621,"T":1774839781346,"m":false,"M":true},{"a":8184581,"p":"0.00003340","q":"37.12000000","f":11428622,"l":11428622,"T":1774839782421,"m":false,"M":true},{"a":8184582,"p":"0.00003330","q":"37.12000000","f":11428623,"l":11428623,"T":1774841979299,"m":true,"M":true},{"a":8184583,"p":"0.00003340","q":"8.55000000","f":11428624,"l":11428624,"T":1774843377223,"m":false,"M":true},{"a":8184584,"p":"0.00003330","q":"137.61000000","f":11428625,"l":11428626,"T":1774843804835,"m":true,"M":true},{"a":8184585,"p":"0.00003330","q":"122.32000000","f":11428627,"l":11428627,"T":1774843804836,"m":true,"M":true},{"a":8184586,"p":"0.00003320","q":"8.56000000","f":11428628,"l":11428628,"T":1774843816625,"m":false,"M":true},{"a":8184587,"p":"0.00003320","q":"28.56000000","f":11428629,"l":11428629,"T":1774843816626,"m":false,"M":true},{"a":8184588,"p":"0.00003330","q":"60.12000000","f":11428630,"l":11428631,"T":1774844475710,"m":false,"M":true},{"a":8184589,"p":"0.00003330","q":"37.12000000","f":11428632,"l":11428632,"T":1774844792335,"m":false,"M":true},{"a":8184590,"p":"0.00003330","q":"18.23000000","f":11428633,"l":11428633,"T":1774844898304,"m":false,"M":true},{"a":8184591,"p":"0.00003330","q":"18.23000000","f":11428634,"l":11428634,"T":1774844898304,"m":false,"M":true},{"a":8184592,"p":"0.00003330","q":"0.66000000","f":11428635,"l":11428635,"T":1774844898304,"m":false,"M":true},{"a":8184593,"p":"0.00003330","q":"18.56000000","f":11428636,"l":11428636,"T":1774846122983,"m":true,"M":true},{"a":8184594,"p":"0.00003330","q":"37.12000000","f":11428637,"l":11428637,"T":1774849790192,"m":true,"M":true},{"a":8184595,"p":"0.00003330","q":"37.15000000","f":11428638,"l":11428638,"T":1774850248615,"m":false,"M":true},{"a":8184596,"p":"0.00003330","q":"37.12000000","f":11428639,"l":11428639,"T":1774850268257,"m":true,"M":true},{"a":8184597,"p":"0.00003330","q":"0.01000000","f":11428640,"l":11428640,"T":1774850432030,"m":false,"M":true},{"a":8184598,"p":"0.00003340","q":"133.71000000","f":11428641,"l":11428643,"T":1774853442089,"m":false,"M":true},{"a":8184599,"p":"0.00003340","q":"213.79000000","f":11428644,"l":11428644,"T":1774853442089,"m":false,"M":true},{"a":8184600,"p":"0.00003350","q":"89.04000000","f":11428645,"l":11428646,"T":1774853504181,"m":false,"M":true},{"a":8184601,"p":"0.00003350","q":"133.56000000","f":11428647,"l":11428647,"T":1774853504181,"m":false,"M":true},{"a":8184602,"p":"0.00003350","q":"133.56000000","f":11428648,"l":11428648,"T":1774853504181,"m":false,"M":true},{"a":8184603,"p":"0.00003350","q":"133.56000000","f":11428649,"l":11428649,"T":1774853504181,"m":false,"M":true},{"a":8184604,"p":"0.00003350","q":"44.25000000","f":11428650,"l":11428650,"T":1774853504182,"m":false,"M":true},{"a":8184605,"p":"0.00003360","q":"5.95000000","f":11428651,"l":11428651,"T":1774853870783,"m":false,"M":true},{"a":8184606,"p":"0.00003350","q":"37.12000000","f":11428652,"l":11428652,"T":1774854026928,"m":true,"M":true},{"a":8184607,"p":"0.00003350","q":"37.12000000","f":11428653,"l":11428653,"T":1774854138217,"m":true,"M":true},{"a":8184608,"p":"0.00003350","q":"26.51000000","f":11428654,"l":11428654,"T":1774854487535,"m":false,"M":true},{"a":8184609,"p":"0.00003350","q":"35.35000000","f":11428655,"l":11428655,"T":1774854487535,"m":false,"M":true},{"a":8184610,"p":"0.00003350","q":"88.82000000","f":11428656,"l":11428656,"T":1774854487536,"m":false,"M":true},{"a":8184611,"p":"0.00003350","q":"255.66000000","f":11428657,"l":11428657,"T":1774854487536,"m":false,"M":true},{"a":8184612,"p":"0.00003350","q":"37.12000000","f":11428658,"l":11428658,"T":1774854833582,"m":true,"M":true},{"a":8184613,"p":"0.00003350","q":"36.77000000","f":11428659,"l":11428659,"T":1774855840404,"m":true,"M":true},{"a":8184614,"p":"0.00003350","q":"0.35000000","f":11428660,"l":11428660,"T":1774855840404,"m":true,"M":true},{"a":8184615,"p":"0.00003350","q":"41.79000000","f":11428661,"l":11428661,"T":1774856686318,"m":false,"M":true},{"a":8184616,"p":"0.00003360","q":"37.12000000","f":11428662,"l":11428662,"T":1774857487430,"m":true,"M":true},{"a":8184617,"p":"0.00003350","q":"39.00000000","f":11428663,"l":11428664,"T":1774857487430,"m":true,"M":true},{"a":8184618,"p":"0.00003360","q":"37.12000000","f":11428665,"l":11428665,"T":1774857570199,"m":true,"M":true},{"a":8184619,"p":"0.00003350","q":"37.12000000","f":11428666,"l":11428666,"T":1774858090161,"m":true,"M":true},{"a":8184620,"p":"0.00003340","q":"4.15000000","f":11428667,"l":11428667,"T":1774858103630,"m":true,"M":true},{"a":8184621,"p":"0.00003340","q":"86.82000000","f":11428668,"l":11428669,"T":1774858103630,"m":true,"M":true},{"a":8184622,"p":"0.00003360","q":"37.12000000","f":11428670,"l":11428670,"T":1774859124422,"m":false,"M":true},{"a":8184623,"p":"0.00003360","q":"37.12000000","f":11428671,"l":11428671,"T":1774859942784,"m":false,"M":true},{"a":8184624,"p":"0.00003360","q":"37.12000000","f":11428672,"l":11428672,"T":1774859942913,"m":false,"M":true},{"a":8184625,"p":"0.00003360","q":"22.03000000","f":11428673,"l":11428673,"T":1774861002793,"m":false,"M":true},{"a":8184626,"p":"0.00003350","q":"37.12000000","f":11428674,"l":11428674,"T":1774861030068,"m":true,"M":true},{"a":8184627,"p":"0.00003350","q":"37.13000000","f":11428675,"l":11428675,"T":1774861077010,"m":false,"M":true},{"a":8184628,"p":"0.00003350","q":"37.12000000","f":11428676,"l":11428676,"T":1774861344593,"m":true,"M":true},{"a":8184629,"p":"0.00003340","q":"37.12000000","f":11428677,"l":11428677,"T":1774862382104,"m":true,"M":true},{"a":8184630,"p":"0.00003340","q":"37.12000000","f":11428678,"l":11428678,"T":1774863512548,"m":true,"M":true},{"a":8184631,"p":"0.00003330","q":"37.12000000","f":11428679,"l":11428679,"T":1774864054804,"m":true,"M":true},{"a":8184632,"p":"0.00003350","q":"230.30000000","f":11428680,"l":11428681,"T":1774867294438,"m":false,"M":true},{"a":8184633,"p":"0.00003350","q":"54.41000000","f":11428682,"l":11428683,"T":1774868298215,"m":true,"M":true},{"a":8184634,"p":"0.00003350","q":"45.85000000","f":11428684,"l":11428684,"T":1774868298335,"m":true,"M":true},{"a":8184635,"p":"0.00003350","q":"13.47000000","f":11428685,"l":11428685,"T":1774868394073,"m":true,"M":true},{"a":8184636,"p":"0.00003350","q":"37.12000000","f":11428686,"l":11428686,"T":1774868611639,"m":true,"M":true},{"a":8184637,"p":"0.00003350","q":"16.31000000","f":11428687,"l":11428687,"T":1774869104781,"m":true,"M":true},{"a":8184638,"p":"0.00003350","q":"300.00000000","f":11428688,"l":11428689,"T":1774869933333,"m":true,"M":true},{"a":8184639,"p":"0.00003360","q":"55.66000000","f":11428690,"l":11428690,"T":1774870009649,"m":false,"M":true},{"a":8184640,"p":"0.00003360","q":"28.48000000","f":11428691,"l":11428691,"T":1774870009746,"m":false,"M":true},{"a":8184641,"p":"0.00003360","q":"10.78000000","f":11428692,"l":11428692,"T":1774870010375,"m":true,"M":true},{"a":8184642,"p":"0.00003370","q":"155.26000000","f":11428693,"l":11428697,"T":1774870011023,"m":false,"M":true},{"a":8184643,"p":"0.00003370","q":"48.78000000","f":11428698,"l":11428698,"T":1774870011777,"m":false,"M":true},{"a":8184644,"p":"0.00003370","q":"43.24000000","f":11428699,"l":11428699,"T":1774870011878,"m":false,"M":true},{"a":8184645,"p":"0.00003370","q":"59.38000000","f":11428700,"l":11428700,"T":1774870011905,"m":false,"M":true},{"a":8184646,"p":"0.00003360","q":"37.12000000","f":11428701,"l":11428701,"T":1774870014763,"m":true,"M":true},{"a":8184647,"p":"0.00003360","q":"0.01000000","f":11428702,"l":11428702,"T":1774870018918,"m":false,"M":true},{"a":8184648,"p":"0.00003350","q":"35.08000000","f":11428703,"l":11428703,"T":1774870052259,"m":true,"M":true},{"a":8184649,"p":"0.00003350","q":"9.28000000","f":11428704,"l":11428704,"T":1774870170438,"m":true,"M":true},{"a":8184650,"p":"0.00003350","q":"14.55000000","f":11428705,"l":11428705,"T":1774872276697,"m":true,"M":true},{"a":8184651,"p":"0.00003350","q":"13.29000000","f":11428706,"l":11428706,"T":1774872280365,"m":true,"M":true},{"a":8184652,"p":"0.00003350","q":"88.14000000","f":11428707,"l":11428709,"T":1774873115980,"m":false,"M":true},{"a":8184653,"p":"0.00003350","q":"132.21000000","f":11428710,"l":11428710,"T":1774873115981,"m":false,"M":true},{"a":8184654,"p":"0.00003350","q":"132.21000000","f":11428711,"l":11428711,"T":1774873115981,"m":false,"M":true},{"a":8184655,"p":"0.00003340","q":"37.12000000","f":11428712,"l":11428712,"T":1774874144380,"m":true,"M":true},{"a":8184656,"p":"0.00003340","q":"4.01000000","f":11428713,"l":11428713,"T":1774874183130,"m":false,"M":true},{"a":8184657,"p":"0.00003340","q":"450.95000000","f":11428714,"l":11428715,"T":1774874476404,"m":false,"M":true},{"a":8184658,"p":"0.00003340","q":"46.34000000","f":11428716,"l":11428717,"T":1774874478117,"m":false,"M":true},{"a":8184659,"p":"0.00003350","q":"318.12000000","f":11428718,"l":11428718,"T":1774874478117,"m":false,"M":true},{"a":8184660,"p":"0.00003340","q":"55.93000000","f":11428719,"l":11428720,"T":1774874481331,"m":false,"M":true},{"a":8184661,"p":"0.00003340","q":"9.86000000","f":11428721,"l":11428721,"T":1774874483179,"m":false,"M":true},{"a":8184662,"p":"0.00003340","q":"37.12000000","f":11428722,"l":11428722,"T":1774876310377,"m":true,"M":true},{"a":8184663,"p":"0.00003330","q":"57.55000000","f":11428723,"l":11428724,"T":1774877841312,"m":true,"M":true},{"a":8184664,"p":"0.00003330","q":"21.37000000","f":11428725,"l":11428725,"T":1774877841790,"m":false,"M":true},{"a":8184665,"p":"0.00003330","q":"37.12000000","f":11428726,"l":11428726,"T":1774878000003,"m":true,"M":true},{"a":8184666,"p":"0.00003330","q":"37.12000000","f":11428727,"l":11428727,"T":1774878006934,"m":true,"M":true},{"a":8184667,"p":"0.00003330","q":"37.12000000","f":11428728,"l":11428728,"T":1774878114688,"m":true,"M":true},{"a":8184668,"p":"0.00003330","q":"22.94000000","f":11428729,"l":11428729,"T":1774878286242,"m":true,"M":true},{"a":8184669,"p":"0.00003330","q":"14.18000000","f":11428730,"l":11428730,"T":1774878286243,"m":true,"M":true},{"a":8184670,"p":"0.00003330","q":"37.12000000","f":11428731,"l":11428731,"T":1774879835087,"m":true,"M":true},{"a":8184671,"p":"0.00003330","q":"37.12000000","f":11428732,"l":11428732,"T":1774879851306,"m":true,"M":true},{"a":8184672,"p":"0.00003330","q":"37.12000000","f":11428733,"l":11428733,"T":1774880546691,"m":false,"M":true},{"a":8184673,"p":"0.00003330","q":"8.79000000","f":11428734,"l":11428734,"T":1774881358278,"m":true,"M":true},{"a":8184674,"p":"0.00003330","q":"28.33000000","f":11428735,"l":11428735,"T":1774881358444,"m":true,"M":true},{"a":8184675,"p":"0.00003330","q":"37.12000000","f":11428736,"l":11428736,"T":1774881383332,"m":true,"M":true},{"a":8184676,"p":"0.00003330","q":"24.92000000","f":11428737,"l":11428737,"T":1774881424897,"m":false,"M":true},{"a":8184677,"p":"0.00003330","q":"28.68000000","f":11428738,"l":11428738,"T":1774881506665,"m":true,"M":true},{"a":8184678,"p":"0.00003330","q":"8.44000000","f":11428739,"l":11428739,"T":1774881506666,"m":true,"M":true},{"a":8184679,"p":"0.00003330","q":"13.44000000","f":11428740,"l":11428740,"T":1774882604642,"m":true,"M":true},{"a":8184680,"p":"0.00003330","q":"13.44000000","f":11428741,"l":11428741,"T":1774882604642,"m":true,"M":true},{"a":8184681,"p":"0.00003320","q":"389.23000000","f":11428742,"l":11428743,"T":1774882721771,"m":true,"M":true},{"a":8184682,"p":"0.00003350","q":"81.00000000","f":11428744,"l":11428744,"T":1774885335556,"m":false,"M":true},{"a":8184683,"p":"0.00003350","q":"1.89000000","f":11428745,"l":11428745,"T":1774885748294,"m":false,"M":true},{"a":8184684,"p":"0.00003370","q":"54.29000000","f":11428746,"l":11428747,"T":1774889379274,"m":false,"M":true},{"a":8184685,"p":"0.00003370","q":"3.26000000","f":11428748,"l":11428748,"T":1774889379274,"m":false,"M":true},{"a":8184686,"p":"0.00003370","q":"7.90000000","f":11428749,"l":11428749,"T":1774891749313,"m":true,"M":true},{"a":8184687,"p":"0.00003370","q":"7.90000000","f":11428750,"l":11428750,"T":1774891749314,"m":true,"M":true},{"a":8184688,"p":"0.00003370","q":"7.90000000","f":11428751,"l":11428751,"T":1774891749526,"m":true,"M":true},{"a":8184689,"p":"0.00003380","q":"37.12000000","f":11428752,"l":11428752,"T":1774892945905,"m":true,"M":true},{"a":8184690,"p":"0.00003370","q":"13.42000000","f":11428753,"l":11428753,"T":1774894079100,"m":true,"M":true},{"a":8184691,"p":"0.00003360","q":"13.35000000","f":11428754,"l":11428754,"T":1774894977375,"m":true,"M":true},{"a":8184692,"p":"0.00003360","q":"13.35000000","f":11428755,"l":11428755,"T":1774894977375,"m":true,"M":true},{"a":8184693,"p":"0.00003360","q":"10.42000000","f":11428756,"l":11428756,"T":1774894977375,"m":true,"M":true},{"a":8184694,"p":"0.00003360","q":"37.12000000","f":11428757,"l":11428757,"T":1774895202117,"m":true,"M":true},{"a":8184695,"p":"0.00003360","q":"6.09000000","f":11428758,"l":11428758,"T":1774895254371,"m":false,"M":true},{"a":8184696,"p":"0.00003360","q":"37.12000000","f":11428759,"l":11428759,"T":1774896396053,"m":true,"M":true},{"a":8184697,"p":"0.00003350","q":"8.76000000","f":11428760,"l":11428760,"T":1774897208670,"m":true,"M":true},{"a":8184698,"p":"0.00003350","q":"28.36000000","f":11428761,"l":11428761,"T":1774897208670,"m":true,"M":true},{"a":8184699,"p":"0.00003350","q":"16.47000000","f":11428762,"l":11428762,"T":1774897208943,"m":false,"M":true},{"a":8184700,"p":"0.00003350","q":"37.12000000","f":11428763,"l":11428763,"T":1774898186988,"m":true,"M":true},{"a":8184701,"p":"0.00003340","q":"605.13000000","f":11428764,"l":11428767,"T":1774898699456,"m":true,"M":true},{"a":8184702,"p":"0.00003340","q":"187.13000000","f":11428768,"l":11428769,"T":1774898701980,"m":true,"M":true},{"a":8184703,"p":"0.00003340","q":"30.94000000","f":11428770,"l":11428770,"T":1774898708274,"m":true,"M":true},{"a":8184704,"p":"0.00003340","q":"39.85000000","f":11428771,"l":11428771,"T":1774898711125,"m":true,"M":true},{"a":8184705,"p":"0.00003340","q":"36.26000000","f":11428772,"l":11428772,"T":1774898713399,"m":true,"M":true},{"a":8184706,"p":"0.00003340","q":"56.28000000","f":11428773,"l":11428773,"T":1774898784597,"m":true,"M":true},{"a":8184707,"p":"0.00003350","q":"7.35000000","f":11428774,"l":11428774,"T":1774899861522,"m":true,"M":true},{"a":8184708,"p":"0.00003350","q":"7.35000000","f":11428775,"l":11428775,"T":1774899861523,"m":true,"M":true},{"a":8184709,"p":"0.00003350","q":"20.46000000","f":11428776,"l":11428776,"T":1774901791471,"m":true,"M":true},{"a":8184710,"p":"0.00003350","q":"16.66000000","f":11428777,"l":11428777,"T":1774901791473,"m":true,"M":true},{"a":8184711,"p":"0.00003360","q":"35.50000000","f":11428778,"l":11428778,"T":1774905809579,"m":false,"M":true},{"a":8184712,"p":"0.00003360","q":"1.62000000","f":11428779,"l":11428779,"T":1774905809579,"m":false,"M":true},{"a":8184713,"p":"0.00003360","q":"16.15000000","f":11428780,"l":11428780,"T":1774905898728,"m":true,"M":true},{"a":8184714,"p":"0.00003360","q":"37.12000000","f":11428781,"l":11428781,"T":1774911737758,"m":true,"M":true},{"a":8184715,"p":"0.00003360","q":"37.12000000","f":11428782,"l":11428782,"T":1774911949354,"m":true,"M":true},{"a":8184716,"p":"0.00003360","q":"37.12000000","f":11428783,"l":11428783,"T":1774911949451,"m":true,"M":true},{"a":8184717,"p":"0.00003360","q":"37.12000000","f":11428784,"l":11428784,"T":1774911949580,"m":true,"M":true},{"a":8184718,"p":"0.00003360","q":"37.12000000","f":11428785,"l":11428785,"T":1774912056659,"m":true,"M":true},{"a":8184719,"p":"0.00003360","q":"37.12000000","f":11428786,"l":11428786,"T":1774912056662,"m":true,"M":true},{"a":8184720,"p":"0.00003360","q":"37.12000000","f":11428787,"l":11428787,"T":1774912056751,"m":true,"M":true},{"a":8184721,"p":"0.00003360","q":"37.12000000","f":11428788,"l":11428788,"T":1774912056851,"m":true,"M":true},{"a":8184722,"p":"0.00003360","q":"37.12000000","f":11428789,"l":11428789,"T":1774912057736,"m":true,"M":true},{"a":8184723,"p":"0.00003360","q":"14.76000000","f":11428790,"l":11428790,"T":1774912061670,"m":true,"M":true},{"a":8184724,"p":"0.00003360","q":"14.76000000","f":11428791,"l":11428791,"T":1774912061670,"m":true,"M":true},{"a":8184725,"p":"0.00003360","q":"7.60000000","f":11428792,"l":11428792,"T":1774912061752,"m":true,"M":true},{"a":8184726,"p":"0.00003360","q":"37.12000000","f":11428793,"l":11428793,"T":1774912761554,"m":false,"M":true},{"a":8184727,"p":"0.00003360","q":"18.27000000","f":11428794,"l":11428794,"T":1774913693423,"m":false,"M":true},{"a":8184728,"p":"0.00003360","q":"18.27000000","f":11428795,"l":11428795,"T":1774913693423,"m":false,"M":true},{"a":8184729,"p":"0.00003360","q":"0.58000000","f":11428796,"l":11428796,"T":1774913693423,"m":false,"M":true},{"a":8184730,"p":"0.00003370","q":"37.12000000","f":11428797,"l":11428797,"T":1774916332240,"m":true,"M":true},{"a":8184731,"p":"0.00003370","q":"37.12000000","f":11428798,"l":11428798,"T":1774916627792,"m":true,"M":true},{"a":8184732,"p":"0.00003370","q":"37.12000000","f":11428799,"l":11428799,"T":1774916778856,"m":true,"M":true},{"a":8184733,"p":"0.00003360","q":"37.12000000","f":11428800,"l":11428800,"T":1774917330775,"m":true,"M":true},{"a":8184734,"p":"0.00003360","q":"129.74000000","f":11428801,"l":11428802,"T":1774920068909,"m":false,"M":true},{"a":8184735,"p":"0.00003350","q":"21.71000000","f":11428803,"l":11428803,"T":1774920192046,"m":true,"M":true},{"a":8184736,"p":"0.00003360","q":"483.30000000","f":11428804,"l":11428806,"T":1774920464158,"m":false,"M":true},{"a":8184737,"p":"0.00003360","q":"344.93000000","f":11428807,"l":11428808,"T":1774920464158,"m":false,"M":true},{"a":8184738,"p":"0.00003360","q":"483.30000000","f":11428809,"l":11428810,"T":1774920471767,"m":false,"M":true},{"a":8184739,"p":"0.00003360","q":"21.46000000","f":11428811,"l":11428811,"T":1774920471767,"m":false,"M":true},{"a":8184740,"p":"0.00003370","q":"18.62000000","f":11428812,"l":11428812,"T":1774920479633,"m":true,"M":true},{"a":8184741,"p":"0.00003370","q":"165.00000000","f":11428813,"l":11428813,"T":1774920479635,"m":true,"M":true},{"a":8184742,"p":"0.00003370","q":"37.12000000","f":11428814,"l":11428814,"T":1774920496836,"m":false,"M":true},{"a":8184743,"p":"0.00003360","q":"58.62000000","f":11428815,"l":11428815,"T":1774920614770,"m":true,"M":true},{"a":8184744,"p":"0.00003360","q":"93.90000000","f":11428816,"l":11428816,"T":1774920614770,"m":true,"M":true},{"a":8184745,"p":"0.00003360","q":"263.18000000","f":11428817,"l":11428817,"T":1774920614824,"m":true,"M":true},{"a":8184746,"p":"0.00003340","q":"14.66000000","f":11428818,"l":11428819,"T":1774920845127,"m":false,"M":true},{"a":8184747,"p":"0.00003340","q":"59.82000000","f":11428820,"l":11428820,"T":1774920873742,"m":false,"M":true},{"a":8184748,"p":"0.00003340","q":"37.12000000","f":11428821,"l":11428821,"T":1774924465376,"m":false,"M":true},{"a":8184749,"p":"0.00003340","q":"37.12000000","f":11428822,"l":11428822,"T":1774924475696,"m":true,"M":true},{"a":8184750,"p":"0.00003330","q":"4.00000000","f":11428823,"l":11428823,"T":1774926215141,"m":true,"M":true},{"a":8184751,"p":"0.00003330","q":"68.77000000","f":11428824,"l":11428825,"T":1774927267573,"m":true,"M":true},{"a":8184752,"p":"0.00003330","q":"134.78000000","f":11428826,"l":11428827,"T":1774927267573,"m":true,"M":true},{"a":8184753,"p":"0.00003340","q":"37.12000000","f":11428828,"l":11428828,"T":1774928776709,"m":false,"M":true},{"a":8184754,"p":"0.00003340","q":"18.55000000","f":11428829,"l":11428829,"T":1774928776806,"m":false,"M":true},{"a":8184755,"p":"0.00003340","q":"18.55000000","f":11428830,"l":11428830,"T":1774928776806,"m":false,"M":true},{"a":8184756,"p":"0.00003340","q":"37.12000000","f":11428831,"l":11428831,"T":1774928898121,"m":false,"M":true},{"a":8184757,"p":"0.00003350","q":"37.12000000","f":11428832,"l":11428832,"T":1774929742204,"m":false,"M":true},{"a":8184758,"p":"0.00003350","q":"37.12000000","f":11428833,"l":11428833,"T":1774930194951,"m":false,"M":true},{"a":8184759,"p":"0.00003350","q":"9.53000000","f":11428834,"l":11428834,"T":1774930194965,"m":false,"M":true},{"a":8184760,"p":"0.00003350","q":"18.53000000","f":11428835,"l":11428835,"T":1774930327258,"m":false,"M":true},{"a":8184761,"p":"0.00003350","q":"18.53000000","f":11428836,"l":11428836,"T":1774930327258,"m":false,"M":true},{"a":8184762,"p":"0.00003350","q":"0.06000000","f":11428837,"l":11428837,"T":1774930327258,"m":false,"M":true},{"a":8184763,"p":"0.00003350","q":"37.12000000","f":11428838,"l":11428838,"T":1774930831733,"m":true,"M":true},{"a":8184764,"p":"0.00003350","q":"37.12000000","f":11428839,"l":11428839,"T":1774930876602,"m":false,"M":true},{"a":8184765,"p":"0.00003340","q":"20.17000000","f":11428840,"l":11428840,"T":1774932462978,"m":true,"M":true},{"a":8184766,"p":"0.00003350","q":"64.01000000","f":11428841,"l":11428842,"T":1774933083177,"m":false,"M":true},{"a":8184767,"p":"0.00003350","q":"37.12000000","f":11428843,"l":11428843,"T":1774933803763,"m":false,"M":true},{"a":8184768,"p":"0.00003350","q":"37.10000000","f":11428844,"l":11428844,"T":1774935014846,"m":true,"M":true},{"a":8184769,"p":"0.00003350","q":"0.02000000","f":11428845,"l":11428845,"T":1774935014846,"m":true,"M":true},{"a":8184770,"p":"0.00003350","q":"37.12000000","f":11428846,"l":11428846,"T":1774936978903,"m":false,"M":true},{"a":8184771,"p":"0.00003360","q":"37.12000000","f":11428847,"l":11428847,"T":1774937401090,"m":false,"M":true},{"a":8184772,"p":"0.00003370","q":"57.55000000","f":11428848,"l":11428849,"T":1774940111762,"m":false,"M":true},{"a":8184773,"p":"0.00003370","q":"4.55000000","f":11428850,"l":11428850,"T":1774940832586,"m":true,"M":true},{"a":8184774,"p":"0.00003370","q":"32.14000000","f":11428851,"l":11428851,"T":1774940868246,"m":true,"M":true},{"a":8184775,"p":"0.00003370","q":"0.43000000","f":11428852,"l":11428852,"T":1774940868246,"m":true,"M":true},{"a":8184776,"p":"0.00003370","q":"32.58000000","f":11428853,"l":11428853,"T":1774940934198,"m":false,"M":true},{"a":8184777,"p":"0.00003390","q":"75.04000000","f":11428854,"l":11428856,"T":1774943857560,"m":false,"M":true},{"a":8184778,"p":"0.00003390","q":"2.35000000","f":11428857,"l":11428857,"T":1774943861089,"m":false,"M":true},{"a":8184779,"p":"0.00003390","q":"18.41000000","f":11428858,"l":11428858,"T":1774945889917,"m":false,"M":true},{"a":8184780,"p":"0.00003390","q":"18.41000000","f":11428859,"l":11428859,"T":1774945889917,"m":false,"M":true},{"a":8184781,"p":"0.00003390","q":"0.30000000","f":11428860,"l":11428860,"T":1774945889917,"m":false,"M":true},{"a":8184782,"p":"0.00003390","q":"12.15000000","f":11428861,"l":11428861,"T":1774945941092,"m":true,"M":true},{"a":8184783,"p":"0.00003380","q":"36.70000000","f":11428862,"l":11428862,"T":1774946612023,"m":true,"M":true},{"a":8184784,"p":"0.00003380","q":"0.42000000","f":11428863,"l":11428863,"T":1774946612023,"m":true,"M":true},{"a":8184785,"p":"0.00003380","q":"37.14000000","f":11428864,"l":11428864,"T":1774946658824,"m":false,"M":true},{"a":8184786,"p":"0.00003380","q":"3.98000000","f":11428865,"l":11428865,"T":1774947616987,"m":true,"M":true},{"a":8184787,"p":"0.00003380","q":"33.14000000","f":11428866,"l":11428866,"T":1774947617806,"m":true,"M":true},{"a":8184788,"p":"0.00003400","q":"67.39000000","f":11428867,"l":11428870,"T":1774948991151,"m":false,"M":true},{"a":8184789,"p":"0.00003400","q":"14.66000000","f":11428871,"l":11428871,"T":1774948991152,"m":false,"M":true},{"a":8184790,"p":"0.00003400","q":"14.66000000","f":11428872,"l":11428872,"T":1774949103977,"m":true,"M":true},{"a":8184791,"p":"0.00003400","q":"22.46000000","f":11428873,"l":11428873,"T":1774949103977,"m":true,"M":true},{"a":8184792,"p":"0.00003400","q":"18.14000000","f":11428874,"l":11428874,"T":1774949262456,"m":false,"M":true},{"a":8184793,"p":"0.00003390","q":"9.10000000","f":11428875,"l":11428875,"T":1774949467445,"m":true,"M":true},{"a":8184794,"p":"0.00003390","q":"37.12000000","f":11428876,"l":11428876,"T":1774949736271,"m":true,"M":true},{"a":8184795,"p":"0.00003390","q":"0.02000000","f":11428877,"l":11428877,"T":1774949855306,"m":false,"M":true},{"a":8184796,"p":"0.00003400","q":"37.12000000","f":11428878,"l":11428878,"T":1774950346944,"m":false,"M":true},{"a":8184797,"p":"0.00003400","q":"129.54000000","f":11428879,"l":11428879,"T":1774950819886,"m":true,"M":true},{"a":8184798,"p":"0.00003400","q":"165.00000000","f":11428880,"l":11428880,"T":1774950819887,"m":true,"M":true},{"a":8184799,"p":"0.00003400","q":"243.11000000","f":11428881,"l":11428884,"T":1774950819888,"m":true,"M":true},{"a":8184800,"p":"0.00003400","q":"104.20000000","f":11428885,"l":11428885,"T":1774950819958,"m":true,"M":true},{"a":8184801,"p":"0.00003410","q":"20.43000000","f":11428886,"l":11428886,"T":1774951273872,"m":false,"M":true},{"a":8184802,"p":"0.00003410","q":"18.00000000","f":11428887,"l":11428887,"T":1774951274058,"m":true,"M":true},{"a":8184803,"p":"0.00003410","q":"3.54000000","f":11428888,"l":11428888,"T":1774951305712,"m":true,"M":true},{"a":8184804,"p":"0.00003400","q":"37.12000000","f":11428889,"l":11428889,"T":1774952588044,"m":true,"M":true},{"a":8184805,"p":"0.00003400","q":"22.89000000","f":11428890,"l":11428890,"T":1774952603777,"m":false,"M":true},{"a":8184806,"p":"0.00003400","q":"22.12000000","f":11428891,"l":11428892,"T":1774952611580,"m":false,"M":true},{"a":8184807,"p":"0.00003400","q":"22.11000000","f":11428893,"l":11428893,"T":1774952616690,"m":false,"M":true},{"a":8184808,"p":"0.00003400","q":"22.12000000","f":11428894,"l":11428894,"T":1774952627753,"m":false,"M":true},{"a":8184809,"p":"0.00003400","q":"22.11000000","f":11428895,"l":11428895,"T":1774952650801,"m":false,"M":true},{"a":8184810,"p":"0.00003400","q":"12.37000000","f":11428896,"l":11428896,"T":1774952685807,"m":false,"M":true},{"a":8184811,"p":"0.00003400","q":"22.10000000","f":11428897,"l":11428897,"T":1774952697767,"m":false,"M":true},{"a":8184812,"p":"0.00003400","q":"22.10000000","f":11428898,"l":11428899,"T":1774952706843,"m":false,"M":true},{"a":8184813,"p":"0.00003400","q":"22.10000000","f":11428900,"l":11428900,"T":1774952725704,"m":false,"M":true},{"a":8184814,"p":"0.00003390","q":"4.21000000","f":11428901,"l":11428901,"T":1774953428371,"m":true,"M":true},{"a":8184815,"p":"0.00003390","q":"32.91000000","f":11428902,"l":11428902,"T":1774953947689,"m":true,"M":true},{"a":8184816,"p":"0.00003390","q":"220.94000000","f":11428903,"l":11428904,"T":1774954081365,"m":false,"M":true},{"a":8184817,"p":"0.00003390","q":"2.94000000","f":11428905,"l":11428905,"T":1774954467270,"m":false,"M":true},{"a":8184818,"p":"0.00003380","q":"18.14000000","f":11428906,"l":11428906,"T":1774955997040,"m":false,"M":true},{"a":8184819,"p":"0.00003380","q":"18.14000000","f":11428907,"l":11428907,"T":1774955997040,"m":false,"M":true},{"a":8184820,"p":"0.00003380","q":"0.84000000","f":11428908,"l":11428908,"T":1774955997040,"m":false,"M":true},{"a":8184821,"p":"0.00003390","q":"4.43000000","f":11428909,"l":11428909,"T":1774956142631,"m":false,"M":true},{"a":8184822,"p":"0.00003390","q":"32.69000000","f":11428910,"l":11428910,"T":1774957576703,"m":false,"M":true},{"a":8184823,"p":"0.00003390","q":"37.12000000","f":11428911,"l":11428911,"T":1774959563843,"m":true,"M":true},{"a":8184824,"p":"0.00003390","q":"37.12000000","f":11428912,"l":11428912,"T":1774959563946,"m":true,"M":true},{"a":8184825,"p":"0.00003380","q":"37.12000000","f":11428913,"l":11428913,"T":1774960567787,"m":true,"M":true},{"a":8184826,"p":"0.00003380","q":"13.71000000","f":11428914,"l":11428914,"T":1774961279840,"m":false,"M":true},{"a":8184827,"p":"0.00003390","q":"37.12000000","f":11428915,"l":11428915,"T":1774962608390,"m":false,"M":true},{"a":8184828,"p":"0.00003390","q":"37.12000000","f":11428916,"l":11428916,"T":1774962608551,"m":false,"M":true},{"a":8184829,"p":"0.00003390","q":"37.12000000","f":11428917,"l":11428917,"T":1774964029104,"m":false,"M":true},{"a":8184830,"p":"0.00003390","q":"37.12000000","f":11428918,"l":11428918,"T":1774964029133,"m":false,"M":true},{"a":8184831,"p":"0.00003370","q":"44.88000000","f":11428919,"l":11428920,"T":1774966731349,"m":true,"M":true},{"a":8184832,"p":"0.00003370","q":"44.72000000","f":11428921,"l":11428922,"T":1774966731350,"m":true,"M":true},{"a":8184833,"p":"0.00003370","q":"44.72000000","f":11428923,"l":11428923,"T":1774966731351,"m":true,"M":true},{"a":8184834,"p":"0.00003370","q":"137.17000000","f":11428924,"l":11428924,"T":1774966731353,"m":true,"M":true},{"a":8184835,"p":"0.00003370","q":"4.72000000","f":11428925,"l":11428925,"T":1774966731353,"m":true,"M":true},{"a":8184836,"p":"0.00003370","q":"4.69000000","f":11428926,"l":11428926,"T":1774966731477,"m":true,"M":true},{"a":8184837,"p":"0.00003370","q":"68.49000000","f":11428927,"l":11428927,"T":1774966731478,"m":true,"M":true},{"a":8184838,"p":"0.00003390","q":"37.11000000","f":11428928,"l":11428928,"T":1774970968198,"m":true,"M":true},{"a":8184839,"p":"0.00003390","q":"0.01000000","f":11428929,"l":11428929,"T":1774970968198,"m":true,"M":true},{"a":8184840,"p":"0.00003390","q":"37.12000000","f":11428930,"l":11428930,"T":1774971062962,"m":true,"M":true},{"a":8184841,"p":"0.00003390","q":"37.12000000","f":11428931,"l":11428931,"T":1774972692503,"m":false,"M":true},{"a":8184842,"p":"0.00003400","q":"29.86000000","f":11428932,"l":11428932,"T":1774972930532,"m":false,"M":true},{"a":8184843,"p":"0.00003400","q":"37.12000000","f":11428933,"l":11428933,"T":1774973534522,"m":false,"M":true},{"a":8184844,"p":"0.00003400","q":"79.96000000","f":11428934,"l":11428935,"T":1774973691948,"m":true,"M":true},{"a":8184845,"p":"0.00003390","q":"37.12000000","f":11428936,"l":11428936,"T":1774974187613,"m":true,"M":true},{"a":8184846,"p":"0.00003380","q":"37.12000000","f":11428937,"l":11428937,"T":1774975059152,"m":true,"M":true},{"a":8184847,"p":"0.00003370","q":"12.35000000","f":11428938,"l":11428938,"T":1774975229327,"m":false,"M":true},{"a":8184848,"p":"0.00003370","q":"26.97000000","f":11428939,"l":11428939,"T":1774975275406,"m":false,"M":true},{"a":8184849,"p":"0.00003370","q":"10.15000000","f":11428940,"l":11428940,"T":1774975419431,"m":false,"M":true},{"a":8184850,"p":"0.00003380","q":"37.12000000","f":11428941,"l":11428941,"T":1774975642232,"m":false,"M":true},{"a":8184851,"p":"0.00003390","q":"35.27000000","f":11428942,"l":11428942,"T":1774975922581,"m":false,"M":true},{"a":8184852,"p":"0.00003390","q":"1.85000000","f":11428943,"l":11428943,"T":1774975922582,"m":false,"M":true},{"a":8184853,"p":"0.00003390","q":"37.12000000","f":11428944,"l":11428944,"T":1774976460148,"m":false,"M":true},{"a":8184854,"p":"0.00003370","q":"37.12000000","f":11428945,"l":11428945,"T":1774977341175,"m":false,"M":true},{"a":8184855,"p":"0.00003380","q":"8.74000000","f":11428946,"l":11428946,"T":1774977959439,"m":true,"M":true},{"a":8184856,"p":"0.00003390","q":"217.90000000","f":11428947,"l":11428948,"T":1774978620463,"m":false,"M":true},{"a":8184857,"p":"0.00003390","q":"37.12000000","f":11428949,"l":11428949,"T":1774978725038,"m":false,"M":true},{"a":8184858,"p":"0.00003390","q":"16.54000000","f":11428950,"l":11428950,"T":1774978738940,"m":true,"M":true},{"a":8184859,"p":"0.00003390","q":"16.54000000","f":11428951,"l":11428951,"T":1774978738940,"m":true,"M":true},{"a":8184860,"p":"0.00003390","q":"10.69000000","f":11428952,"l":11428952,"T":1774978781054,"m":false,"M":true},{"a":8184861,"p":"0.00003380","q":"45.79000000","f":11428953,"l":11428954,"T":1774979119365,"m":true,"M":true},{"a":8184862,"p":"0.00003380","q":"41.38000000","f":11428955,"l":11428955,"T":1774979121737,"m":true,"M":true},{"a":8184863,"p":"0.00003380","q":"49.64000000","f":11428956,"l":11428956,"T":1774979123847,"m":true,"M":true},{"a":8184864,"p":"0.00003380","q":"36.14000000","f":11428957,"l":11428957,"T":1774979127032,"m":true,"M":true},{"a":8184865,"p":"0.00003380","q":"13.72000000","f":11428958,"l":11428958,"T":1774979129967,"m":true,"M":true},{"a":8184866,"p":"0.00003380","q":"8.83000000","f":11428959,"l":11428959,"T":1774979132629,"m":true,"M":true},{"a":8184867,"p":"0.00003380","q":"8.14000000","f":11428960,"l":11428960,"T":1774979135737,"m":true,"M":true},{"a":8184868,"p":"0.00003380","q":"10.10000000","f":11428961,"l":11428961,"T":1774979138055,"m":true,"M":true},{"a":8184869,"p":"0.00003380","q":"22.26000000","f":11428962,"l":11428962,"T":1774979140120,"m":true,"M":true},{"a":8184870,"p":"0.00003390","q":"26.43000000","f":11428963,"l":11428963,"T":1774979423279,"m":false,"M":true},{"a":8184871,"p":"0.00003390","q":"37.12000000","f":11428964,"l":11428964,"T":1774979568813,"m":true,"M":true},{"a":8184872,"p":"0.00003390","q":"37.13000000","f":11428965,"l":11428965,"T":1774979629779,"m":false,"M":true},{"a":8184873,"p":"0.00003390","q":"37.12000000","f":11428966,"l":11428966,"T":1774979655796,"m":true,"M":true},{"a":8184874,"p":"0.00003390","q":"37.12000000","f":11428967,"l":11428967,"T":1774981137488,"m":false,"M":true},{"a":8184875,"p":"0.00003390","q":"4.32000000","f":11428968,"l":11428968,"T":1774981225930,"m":true,"M":true},{"a":8184876,"p":"0.00003390","q":"258.04000000","f":11428969,"l":11428970,"T":1774982454130,"m":true,"M":true},{"a":8184877,"p":"0.00003390","q":"93.42000000","f":11428971,"l":11428971,"T":1774982455927,"m":true,"M":true},{"a":8184878,"p":"0.00003390","q":"36.86000000","f":11428972,"l":11428972,"T":1774982457952,"m":true,"M":true},{"a":8184879,"p":"0.00003390","q":"17.71000000","f":11428973,"l":11428973,"T":1774982459889,"m":true,"M":true},{"a":8184880,"p":"0.00003390","q":"8.87000000","f":11428974,"l":11428974,"T":1774982461525,"m":true,"M":true},{"a":8184881,"p":"0.00003390","q":"119.31000000","f":11428975,"l":11428976,"T":1774982510054,"m":true,"M":true},{"a":8184882,"p":"0.00003390","q":"48.64000000","f":11428977,"l":11428977,"T":1774982512025,"m":true,"M":true},{"a":8184883,"p":"0.00003390","q":"23.34000000","f":11428978,"l":11428978,"T":1774982514138,"m":true,"M":true},{"a":8184884,"p":"0.00003390","q":"11.28000000","f":11428979,"l":11428979,"T":1774982516090,"m":true,"M":true},{"a":8184885,"p":"0.00003390","q":"132.39000000","f":11428980,"l":11428982,"T":1774982565045,"m":true,"M":true},{"a":8184886,"p":"0.00003390","q":"52.79000000","f":11428983,"l":11428983,"T":1774982566845,"m":true,"M":true},{"a":8184887,"p":"0.00003390","q":"25.24000000","f":11428984,"l":11428984,"T":1774982568932,"m":true,"M":true},{"a":8184888,"p":"0.00003390","q":"12.18000000","f":11428985,"l":11428985,"T":1774982570823,"m":true,"M":true},{"a":8184889,"p":"0.00003410","q":"28.47000000","f":11428986,"l":11428986,"T":1774983818062,"m":false,"M":true},{"a":8184890,"p":"0.00003410","q":"28.47000000","f":11428987,"l":11428988,"T":1774983818062,"m":false,"M":true},{"a":8184891,"p":"0.00003410","q":"0.61000000","f":11428989,"l":11428989,"T":1774983818062,"m":false,"M":true},{"a":8184892,"p":"0.00003410","q":"133.49000000","f":11428990,"l":11428991,"T":1774984727245,"m":true,"M":true},{"a":8184893,"p":"0.00003410","q":"57.92000000","f":11428992,"l":11428992,"T":1774984729232,"m":true,"M":true},{"a":8184894,"p":"0.00003410","q":"20.64000000","f":11428993,"l":11428993,"T":1774984731335,"m":true,"M":true},{"a":8184895,"p":"0.00003410","q":"9.83000000","f":11428994,"l":11428994,"T":1774984733422,"m":true,"M":true},{"a":8184896,"p":"0.00003420","q":"31.37000000","f":11428995,"l":11428995,"T":1774984829728,"m":true,"M":true},{"a":8184897,"p":"0.00003420","q":"15.35000000","f":11428996,"l":11428996,"T":1774984831673,"m":true,"M":true},{"a":8184898,"p":"0.00003420","q":"7.78000000","f":11428997,"l":11428997,"T":1774984833450,"m":true,"M":true},{"a":8184899,"p":"0.00003420","q":"37.12000000","f":11428998,"l":11428998,"T":1774986076255,"m":false,"M":true},{"a":8184900,"p":"0.00003430","q":"16.32000000","f":11428999,"l":11428999,"T":1774986767406,"m":false,"M":true},{"a":8184901,"p":"0.00003430","q":"16.32000000","f":11429000,"l":11429000,"T":1774986767406,"m":false,"M":true},{"a":8184902,"p":"0.00003430","q":"0.43000000","f":11429001,"l":11429001,"T":1774986767406,"m":false,"M":true},{"a":8184903,"p":"0.00003430","q":"11.02000000","f":11429002,"l":11429002,"T":1774986767790,"m":true,"M":true},{"a":8184904,"p":"0.00003430","q":"6.21000000","f":11429003,"l":11429003,"T":1774986769924,"m":true,"M":true},{"a":8184905,"p":"0.00003400","q":"37.12000000","f":11429004,"l":11429004,"T":1774989276158,"m":true,"M":true},{"a":8184906,"p":"0.00003400","q":"118.66000000","f":11429005,"l":11429006,"T":1774989374060,"m":false,"M":true},{"a":8184907,"p":"0.00003400","q":"84.35000000","f":11429007,"l":11429007,"T":1774989376052,"m":false,"M":true},{"a":8184908,"p":"0.00003400","q":"50.81000000","f":11429008,"l":11429008,"T":1774989378448,"m":false,"M":true},{"a":8184909,"p":"0.00003400","q":"28.51000000","f":11429009,"l":11429009,"T":1774989380523,"m":false,"M":true},{"a":8184910,"p":"0.00003400","q":"12.42000000","f":11429010,"l":11429010,"T":1774989382421,"m":false,"M":true},{"a":8184911,"p":"0.00003400","q":"37.12000000","f":11429011,"l":11429011,"T":1774989402305,"m":true,"M":true},{"a":8184912,"p":"0.00003390","q":"33.10000000","f":11429012,"l":11429012,"T":1774989920214,"m":true,"M":true},{"a":8184913,"p":"0.00003390","q":"11.18000000","f":11429013,"l":11429013,"T":1774989920513,"m":false,"M":true},{"a":8184914,"p":"0.00003380","q":"14.95000000","f":11429014,"l":11429014,"T":1774990162012,"m":true,"M":true},{"a":8184915,"p":"0.00003390","q":"18.17000000","f":11429015,"l":11429015,"T":1774990986540,"m":false,"M":true},{"a":8184916,"p":"0.00003390","q":"18.95000000","f":11429016,"l":11429016,"T":1774990986540,"m":false,"M":true},{"a":8184917,"p":"0.00003390","q":"20.00000000","f":11429017,"l":11429017,"T":1774993683607,"m":false,"M":true},{"a":8184918,"p":"0.00003370","q":"20.01000000","f":11429018,"l":11429018,"T":1774998736746,"m":true,"M":true},{"a":8184919,"p":"0.00003370","q":"0.42000000","f":11429019,"l":11429019,"T":1774998736746,"m":true,"M":true},{"a":8184920,"p":"0.00003380","q":"1147.99000000","f":11429020,"l":11429023,"T":1774999175600,"m":false,"M":true},{"a":8184921,"p":"0.00003380","q":"614.77000000","f":11429024,"l":11429025,"T":1774999182533,"m":false,"M":true},{"a":8184922,"p":"0.00003390","q":"1289.93000000","f":11429026,"l":11429031,"T":1774999196959,"m":false,"M":true},{"a":8184923,"p":"0.00003380","q":"8.92000000","f":11429032,"l":11429032,"T":1774999196964,"m":true,"M":true},{"a":8184924,"p":"0.00003370","q":"8.55000000","f":11429033,"l":11429033,"T":1774999196965,"m":true,"M":true},{"a":8184925,"p":"0.00003380","q":"173.39000000","f":11429034,"l":11429034,"T":1774999203720,"m":false,"M":true},{"a":8184926,"p":"0.00003380","q":"444.74000000","f":11429035,"l":11429035,"T":1774999238272,"m":false,"M":true},{"a":8184927,"p":"0.00003380","q":"221.58000000","f":11429036,"l":11429036,"T":1774999238276,"m":true,"M":true},{"a":8184928,"p":"0.00003390","q":"1164.89000000","f":11429037,"l":11429040,"T":1774999326767,"m":false,"M":true},{"a":8184929,"p":"0.00003390","q":"45.50000000","f":11429041,"l":11429041,"T":1774999326768,"m":true,"M":true},{"a":8184930,"p":"0.00003390","q":"624.00000000","f":11429042,"l":11429043,"T":1774999336491,"m":false,"M":true},{"a":8184931,"p":"0.00003390","q":"1129.18000000","f":11429044,"l":11429046,"T":1774999557495,"m":false,"M":true},{"a":8184932,"p":"0.00003390","q":"613.03000000","f":11429047,"l":11429048,"T":1774999575998,"m":false,"M":true},{"a":8184933,"p":"0.00003370","q":"19.41000000","f":11429049,"l":11429049,"T":1775004192373,"m":false,"M":true},{"a":8184934,"p":"0.00003360","q":"11.83000000","f":11429050,"l":11429050,"T":1775004326825,"m":false,"M":true},{"a":8184935,"p":"0.00003360","q":"200.00000000","f":11429051,"l":11429051,"T":1775004327449,"m":false,"M":true},{"a":8184936,"p":"0.00003360","q":"200.00000000","f":11429052,"l":11429052,"T":1775004327503,"m":false,"M":true},{"a":8184937,"p":"0.00003350","q":"33.50000000","f":11429053,"l":11429053,"T":1775004558477,"m":true,"M":true},{"a":8184938,"p":"0.00003340","q":"8.56000000","f":11429054,"l":11429055,"T":1775004558478,"m":true,"M":true},{"a":8184939,"p":"0.00003350","q":"75.10000000","f":11429056,"l":11429056,"T":1775004667656,"m":false,"M":true},{"a":8184940,"p":"0.00003350","q":"24.19000000","f":11429057,"l":11429057,"T":1775004667665,"m":false,"M":true},{"a":8184941,"p":"0.00003350","q":"71.15000000","f":11429058,"l":11429058,"T":1775005825366,"m":true,"M":true},{"a":8184942,"p":"0.00003350","q":"75.95000000","f":11429059,"l":11429059,"T":1775005825759,"m":true,"M":true},{"a":8184943,"p":"0.00003340","q":"36.25000000","f":11429060,"l":11429061,"T":1775007027514,"m":true,"M":true},{"a":8184944,"p":"0.00003340","q":"4.95000000","f":11429062,"l":11429062,"T":1775009969097,"m":true,"M":true},{"a":8184945,"p":"0.00003340","q":"32.17000000","f":11429063,"l":11429063,"T":1775009969166,"m":true,"M":true},{"a":8184946,"p":"0.00003340","q":"0.01000000","f":11429064,"l":11429064,"T":1775010019380,"m":false,"M":true},{"a":8184947,"p":"0.00003350","q":"37.12000000","f":11429065,"l":11429065,"T":1775010429108,"m":true,"M":true},{"a":8184948,"p":"0.00003350","q":"37.12000000","f":11429066,"l":11429066,"T":1775010634256,"m":true,"M":true},{"a":8184949,"p":"0.00003350","q":"37.12000000","f":11429067,"l":11429067,"T":1775012386381,"m":true,"M":true},{"a":8184950,"p":"0.00003340","q":"37.12000000","f":11429068,"l":11429068,"T":1775013603770,"m":true,"M":true},{"a":8184951,"p":"0.00003340","q":"369.32000000","f":11429069,"l":11429070,"T":1775014222501,"m":false,"M":true},{"a":8184952,"p":"0.00003340","q":"29.89000000","f":11429071,"l":11429071,"T":1775014797208,"m":true,"M":true},{"a":8184953,"p":"0.00003340","q":"37.12000000","f":11429072,"l":11429072,"T":1775014962876,"m":true,"M":true},{"a":8184954,"p":"0.00003330","q":"3.91000000","f":11429073,"l":11429073,"T":1775014962876,"m":true,"M":true},{"a":8184955,"p":"0.00003340","q":"16.73000000","f":11429074,"l":11429074,"T":1775015023999,"m":true,"M":true},{"a":8184956,"p":"0.00003340","q":"16.73000000","f":11429075,"l":11429075,"T":1775015023999,"m":true,"M":true},{"a":8184957,"p":"0.00003340","q":"3.66000000","f":11429076,"l":11429076,"T":1775015023999,"m":true,"M":true},{"a":8184958,"p":"0.00003340","q":"37.12000000","f":11429077,"l":11429077,"T":1775017495011,"m":false,"M":true},{"a":8184959,"p":"0.00003340","q":"37.12000000","f":11429078,"l":11429078,"T":1775018129717,"m":false,"M":true},{"a":8184960,"p":"0.00003340","q":"5.24000000","f":11429079,"l":11429079,"T":1775018212598,"m":false,"M":true},{"a":8184961,"p":"0.00003340","q":"10.96000000","f":11429080,"l":11429080,"T":1775018733092,"m":false,"M":true},{"a":8184962,"p":"0.00003340","q":"10.96000000","f":11429081,"l":11429081,"T":1775018733092,"m":false,"M":true},{"a":8184963,"p":"0.00003340","q":"9.96000000","f":11429082,"l":11429082,"T":1775018733092,"m":false,"M":true},{"a":8184964,"p":"0.00003330","q":"53.64000000","f":11429083,"l":11429084,"T":1775020481671,"m":true,"M":true},{"a":8184965,"p":"0.00003330","q":"0.02000000","f":11429085,"l":11429085,"T":1775020514629,"m":false,"M":true},{"a":8184966,"p":"0.00003340","q":"3.28000000","f":11429086,"l":11429086,"T":1775021273178,"m":false,"M":true},{"a":8184967,"p":"0.00003340","q":"33.84000000","f":11429087,"l":11429087,"T":1775021343059,"m":false,"M":true},{"a":8184968,"p":"0.00003350","q":"37.12000000","f":11429088,"l":11429088,"T":1775022293862,"m":true,"M":true},{"a":8184969,"p":"0.00003350","q":"131.58000000","f":11429089,"l":11429089,"T":1775022315997,"m":false,"M":true},{"a":8184970,"p":"0.00003360","q":"10.22000000","f":11429090,"l":11429090,"T":1775022717188,"m":false,"M":true},{"a":8184971,"p":"0.00003370","q":"57.55000000","f":11429091,"l":11429092,"T":1775023737218,"m":false,"M":true},{"a":8184972,"p":"0.00003370","q":"15.99000000","f":11429093,"l":11429093,"T":1775023933726,"m":true,"M":true},{"a":8184973,"p":"0.00003360","q":"18.50000000","f":11429094,"l":11429094,"T":1775026755545,"m":false,"M":true},{"a":8184974,"p":"0.00003360","q":"18.62000000","f":11429095,"l":11429095,"T":1775026755545,"m":false,"M":true},{"a":8184975,"p":"0.00003360","q":"37.12000000","f":11429096,"l":11429096,"T":1775027075700,"m":false,"M":true},{"a":8184976,"p":"0.00003370","q":"37.12000000","f":11429097,"l":11429097,"T":1775027965426,"m":false,"M":true},{"a":8184977,"p":"0.00003390","q":"38.69000000","f":11429098,"l":11429099,"T":1775030892833,"m":false,"M":true},{"a":8184978,"p":"0.00003390","q":"38.69000000","f":11429100,"l":11429101,"T":1775030892833,"m":false,"M":true},{"a":8184979,"p":"0.00003390","q":"0.02000000","f":11429102,"l":11429102,"T":1775030892833,"m":false,"M":true},{"a":8184980,"p":"0.00003390","q":"37.12000000","f":11429103,"l":11429103,"T":1775031113018,"m":true,"M":true},{"a":8184981,"p":"0.00003390","q":"37.12000000","f":11429104,"l":11429104,"T":1775031250418,"m":false,"M":true},{"a":8184982,"p":"0.00003390","q":"37.12000000","f":11429105,"l":11429105,"T":1775031426584,"m":true,"M":true},{"a":8184983,"p":"0.00003390","q":"5.46000000","f":11429106,"l":11429106,"T":1775031751354,"m":false,"M":true},{"a":8184984,"p":"0.00003390","q":"678.53000000","f":11429107,"l":11429109,"T":1775031965980,"m":true,"M":true},{"a":8184985,"p":"0.00003390","q":"34.30000000","f":11429110,"l":11429110,"T":1775031965981,"m":false,"M":true},{"a":8184986,"p":"0.00003390","q":"35.60000000","f":11429111,"l":11429111,"T":1775031965981,"m":false,"M":true},{"a":8184987,"p":"0.00003390","q":"1.57000000","f":11429112,"l":11429112,"T":1775031965981,"m":false,"M":true},{"a":8184988,"p":"0.00003400","q":"38.16000000","f":11429113,"l":11429115,"T":1775031965983,"m":false,"M":true},{"a":8184989,"p":"0.00003400","q":"8.54000000","f":11429116,"l":11429116,"T":1775032231298,"m":false,"M":true},{"a":8184990,"p":"0.00003400","q":"8.97000000","f":11429117,"l":11429117,"T":1775032231881,"m":true,"M":true},{"a":8184991,"p":"0.00003400","q":"20.09000000","f":11429118,"l":11429118,"T":1775032485885,"m":true,"M":true},{"a":8184992,"p":"0.00003400","q":"10.05000000","f":11429119,"l":11429119,"T":1775032488268,"m":true,"M":true},{"a":8184993,"p":"0.00003400","q":"37.12000000","f":11429120,"l":11429120,"T":1775033204860,"m":false,"M":true},{"a":8184994,"p":"0.00003400","q":"37.12000000","f":11429121,"l":11429121,"T":1775033204863,"m":false,"M":true},{"a":8184995,"p":"0.00003400","q":"57.39000000","f":11429122,"l":11429123,"T":1775033294034,"m":true,"M":true},{"a":8184996,"p":"0.00003400","q":"20.97000000","f":11429124,"l":11429124,"T":1775033295753,"m":true,"M":true},{"a":8184997,"p":"0.00003400","q":"8.84000000","f":11429125,"l":11429125,"T":1775033297599,"m":true,"M":true},{"a":8184998,"p":"0.00003410","q":"20.43000000","f":11429126,"l":11429126,"T":1775033446377,"m":false,"M":true},{"a":8184999,"p":"0.00003410","q":"26.00000000","f":11429127,"l":11429127,"T":1775033600636,"m":false,"M":true},{"a":8185000,"p":"0.00003410","q":"33.50000000","f":11429128,"l":11429128,"T":1775033600783,"m":true,"M":true},{"a":8185001,"p":"0.00003410","q":"13.53000000","f":11429129,"l":11429129,"T":1775033602622,"m":true,"M":true},{"a":8185002,"p":"0.00003410","q":"305.12000000","f":11429130,"l":11429130,"T":1775033625330,"m":true,"M":true},{"a":8185003,"p":"0.00003410","q":"53.32000000","f":11429131,"l":11429131,"T":1775033625330,"m":true,"M":true},{"a":8185004,"p":"0.00003390","q":"37.12000000","f":11429132,"l":11429132,"T":1775034496751,"m":false,"M":true},{"a":8185005,"p":"0.00003390","q":"37.12000000","f":11429133,"l":11429133,"T":1775035034249,"m":true,"M":true},{"a":8185006,"p":"0.00003390","q":"469.23000000","f":11429134,"l":11429136,"T":1775035091455,"m":false,"M":true},{"a":8185007,"p":"0.00003390","q":"258.73000000","f":11429137,"l":11429137,"T":1775035184163,"m":true,"M":true},{"a":8185008,"p":"0.00003390","q":"81.51000000","f":11429138,"l":11429138,"T":1775035206529,"m":true,"M":true},{"a":8185009,"p":"0.00003390","q":"75.48000000","f":11429139,"l":11429139,"T":1775035216470,"m":true,"M":true},{"a":8185010,"p":"0.00003380","q":"28.08000000","f":11429140,"l":11429140,"T":1775035549265,"m":true,"M":true},{"a":8185011,"p":"0.00003380","q":"9.04000000","f":11429141,"l":11429141,"T":1775035549265,"m":true,"M":true},{"a":8185012,"p":"0.00003390","q":"18.48000000","f":11429142,"l":11429142,"T":1775038476551,"m":false,"M":true},{"a":8185013,"p":"0.00003390","q":"18.48000000","f":11429143,"l":11429143,"T":1775038476551,"m":false,"M":true},{"a":8185014,"p":"0.00003390","q":"0.16000000","f":11429144,"l":11429144,"T":1775038476551,"m":false,"M":true},{"a":8185015,"p":"0.00003380","q":"18.52000000","f":11429145,"l":11429145,"T":1775039038656,"m":false,"M":true},{"a":8185016,"p":"0.00003380","q":"18.52000000","f":11429146,"l":11429146,"T":1775039038656,"m":false,"M":true},{"a":8185017,"p":"0.00003380","q":"0.08000000","f":11429147,"l":11429147,"T":1775039038656,"m":false,"M":true},{"a":8185018,"p":"0.00003390","q":"20.00000000","f":11429148,"l":11429148,"T":1775040009611,"m":false,"M":true},{"a":8185019,"p":"0.00003380","q":"74.24000000","f":11429149,"l":11429149,"T":1775041284761,"m":false,"M":true},{"a":8185020,"p":"0.00003380","q":"405.48000000","f":11429150,"l":11429151,"T":1775041284761,"m":false,"M":true},{"a":8185021,"p":"0.00003380","q":"37.12000000","f":11429152,"l":11429152,"T":1775041763229,"m":true,"M":true},{"a":8185022,"p":"0.00003370","q":"57.55000000","f":11429153,"l":11429154,"T":1775042785421,"m":true,"M":true},{"a":8185023,"p":"0.00003370","q":"37.12000000","f":11429155,"l":11429155,"T":1775043301931,"m":false,"M":true},{"a":8185024,"p":"0.00003380","q":"37.12000000","f":11429156,"l":11429156,"T":1775044822877,"m":false,"M":true},{"a":8185025,"p":"0.00003380","q":"145.50000000","f":11429157,"l":11429157,"T":1775045750860,"m":true,"M":true},{"a":8185026,"p":"0.00003400","q":"49.28000000","f":11429158,"l":11429158,"T":1775046438283,"m":false,"M":true},{"a":8185027,"p":"0.00003410","q":"20.43000000","f":11429159,"l":11429159,"T":1775046663480,"m":false,"M":true},{"a":8185028,"p":"0.00003410","q":"26.07000000","f":11429160,"l":11429160,"T":1775046663659,"m":true,"M":true},{"a":8185029,"p":"0.00003410","q":"430.83000000","f":11429161,"l":11429161,"T":1775047172713,"m":true,"M":true},{"a":8185030,"p":"0.00003420","q":"165.00000000","f":11429162,"l":11429162,"T":1775047497138,"m":false,"M":true},{"a":8185031,"p":"0.00003420","q":"4.08000000","f":11429163,"l":11429163,"T":1775047497139,"m":false,"M":true},{"a":8185032,"p":"0.00003420","q":"45.99000000","f":11429164,"l":11429165,"T":1775047497782,"m":true,"M":true},{"a":8185033,"p":"0.00003420","q":"37.12000000","f":11429166,"l":11429166,"T":1775047499021,"m":false,"M":true},{"a":8185034,"p":"0.00003420","q":"37.12000000","f":11429167,"l":11429167,"T":1775047499209,"m":false,"M":true},{"a":8185035,"p":"0.00003430","q":"117.92000000","f":11429168,"l":11429170,"T":1775047499209,"m":false,"M":true},{"a":8185036,"p":"0.00003420","q":"37.12000000","f":11429171,"l":11429171,"T":1775047499342,"m":false,"M":true},{"a":8185037,"p":"0.00003430","q":"65.37000000","f":11429172,"l":11429172,"T":1775047499342,"m":false,"M":true},{"a":8185038,"p":"0.00003430","q":"48.71000000","f":11429173,"l":11429173,"T":1775047499342,"m":false,"M":true},{"a":8185039,"p":"0.00003430","q":"36.47000000","f":11429174,"l":11429174,"T":1775047499357,"m":false,"M":true},{"a":8185040,"p":"0.00003410","q":"9.73000000","f":11429175,"l":11429175,"T":1775047527872,"m":true,"M":true},{"a":8185041,"p":"0.00003410","q":"27.39000000","f":11429176,"l":11429176,"T":1775047527889,"m":true,"M":true},{"a":8185042,"p":"0.00003400","q":"70.42000000","f":11429177,"l":11429178,"T":1775047527889,"m":true,"M":true},{"a":8185043,"p":"0.00003400","q":"28.45000000","f":11429179,"l":11429179,"T":1775047527909,"m":true,"M":true},{"a":8185044,"p":"0.00003410","q":"37.12000000","f":11429180,"l":11429180,"T":1775047672353,"m":true,"M":true},{"a":8185045,"p":"0.00003410","q":"37.12000000","f":11429181,"l":11429181,"T":1775047910764,"m":true,"M":true},{"a":8185046,"p":"0.00003400","q":"37.13000000","f":11429182,"l":11429182,"T":1775049001017,"m":false,"M":true},{"a":8185047,"p":"0.00003400","q":"37.12000000","f":11429183,"l":11429183,"T":1775050502384,"m":true,"M":true},{"a":8185048,"p":"0.00003400","q":"37.12000000","f":11429184,"l":11429184,"T":1775050792312,"m":false,"M":true},{"a":8185049,"p":"0.00003410","q":"37.12000000","f":11429185,"l":11429185,"T":1775051805211,"m":true,"M":true},{"a":8185050,"p":"0.00003400","q":"6.17000000","f":11429186,"l":11429186,"T":1775052156350,"m":true,"M":true},{"a":8185051,"p":"0.00003400","q":"30.99000000","f":11429187,"l":11429187,"T":1775052366455,"m":false,"M":true},{"a":8185052,"p":"0.00003400","q":"37.12000000","f":11429188,"l":11429188,"T":1775052622406,"m":true,"M":true},{"a":8185053,"p":"0.00003390","q":"54.81000000","f":11429189,"l":11429190,"T":1775053527734,"m":true,"M":true},{"a":8185054,"p":"0.00003390","q":"15.41000000","f":11429191,"l":11429191,"T":1775053527734,"m":true,"M":true},{"a":8185055,"p":"0.00003380","q":"173.11000000","f":11429192,"l":11429195,"T":1775054060432,"m":true,"M":true},{"a":8185056,"p":"0.00003370","q":"57.55000000","f":11429196,"l":11429197,"T":1775055923760,"m":true,"M":true},{"a":8185057,"p":"0.00003370","q":"36.74000000","f":11429198,"l":11429198,"T":1775055976634,"m":true,"M":true},{"a":8185058,"p":"0.00003360","q":"74.28000000","f":11429199,"l":11429199,"T":1775056331390,"m":false,"M":true},{"a":8185059,"p":"0.00003360","q":"34.61000000","f":11429200,"l":11429200,"T":1775056987079,"m":true,"M":true},{"a":8185060,"p":"0.00003360","q":"2.51000000","f":11429201,"l":11429201,"T":1775057012546,"m":true,"M":true},{"a":8185061,"p":"0.00003350","q":"70.62000000","f":11429202,"l":11429203,"T":1775057590147,"m":true,"M":true},{"a":8185062,"p":"0.00003350","q":"37.12000000","f":11429204,"l":11429204,"T":1775058319871,"m":true,"M":true},{"a":8185063,"p":"0.00003350","q":"37.12000000","f":11429205,"l":11429205,"T":1775058761841,"m":true,"M":true},{"a":8185064,"p":"0.00003350","q":"0.01000000","f":11429206,"l":11429206,"T":1775058831543,"m":false,"M":true},{"a":8185065,"p":"0.00003350","q":"36.82000000","f":11429207,"l":11429207,"T":1775058863004,"m":true,"M":true},{"a":8185066,"p":"0.00003350","q":"0.30000000","f":11429208,"l":11429208,"T":1775058863004,"m":true,"M":true},{"a":8185067,"p":"0.00003370","q":"18.51000000","f":11429209,"l":11429209,"T":1775061160952,"m":false,"M":true},{"a":8185068,"p":"0.00003370","q":"18.51000000","f":11429210,"l":11429210,"T":1775061160952,"m":false,"M":true},{"a":8185069,"p":"0.00003370","q":"0.10000000","f":11429211,"l":11429211,"T":1775061160952,"m":false,"M":true},{"a":8185070,"p":"0.00003360","q":"18.15000000","f":11429212,"l":11429212,"T":1775062886723,"m":false,"M":true},{"a":8185071,"p":"0.00003360","q":"18.15000000","f":11429213,"l":11429213,"T":1775062886723,"m":false,"M":true},{"a":8185072,"p":"0.00003360","q":"0.82000000","f":11429214,"l":11429214,"T":1775062886724,"m":false,"M":true},{"a":8185073,"p":"0.00003360","q":"37.12000000","f":11429215,"l":11429215,"T":1775062990281,"m":false,"M":true},{"a":8185074,"p":"0.00003360","q":"37.12000000","f":11429216,"l":11429216,"T":1775062990352,"m":false,"M":true},{"a":8185075,"p":"0.00003370","q":"223.54000000","f":11429217,"l":11429218,"T":1775063052465,"m":false,"M":true},{"a":8185076,"p":"0.00003360","q":"22.36000000","f":11429219,"l":11429219,"T":1775063344389,"m":false,"M":true},{"a":8185077,"p":"0.00003360","q":"223.31000000","f":11429220,"l":11429221,"T":1775064399039,"m":true,"M":true},{"a":8185078,"p":"0.00003370","q":"37.12000000","f":11429222,"l":11429222,"T":1775064891803,"m":false,"M":true},{"a":8185079,"p":"0.00003370","q":"37.12000000","f":11429223,"l":11429223,"T":1775064960903,"m":true,"M":true},{"a":8185080,"p":"0.00003370","q":"37.12000000","f":11429224,"l":11429224,"T":1775065913885,"m":true,"M":true},{"a":8185081,"p":"0.00003380","q":"18.56000000","f":11429225,"l":11429225,"T":1775066588202,"m":false,"M":true},{"a":8185082,"p":"0.00003380","q":"5.00000000","f":11429226,"l":11429226,"T":1775068095147,"m":false,"M":true},{"a":8185083,"p":"0.00003380","q":"16.05000000","f":11429227,"l":11429227,"T":1775072010337,"m":false,"M":true},{"a":8185084,"p":"0.00003380","q":"16.05000000","f":11429228,"l":11429228,"T":1775072010337,"m":false,"M":true},{"a":8185085,"p":"0.00003380","q":"0.02000000","f":11429229,"l":11429229,"T":1775072010338,"m":false,"M":true},{"a":8185086,"p":"0.00003380","q":"37.12000000","f":11429230,"l":11429230,"T":1775072381673,"m":true,"M":true},{"a":8185087,"p":"0.00003370","q":"37.12000000","f":11429231,"l":11429231,"T":1775074049899,"m":true,"M":true},{"a":8185088,"p":"0.00003370","q":"37.12000000","f":11429232,"l":11429232,"T":1775074050102,"m":true,"M":true},{"a":8185089,"p":"0.00003360","q":"130.92000000","f":11429233,"l":11429234,"T":1775075690717,"m":true,"M":true},{"a":8185090,"p":"0.00003360","q":"84.33000000","f":11429235,"l":11429235,"T":1775075690717,"m":true,"M":true},{"a":8185091,"p":"0.00003360","q":"18.35000000","f":11429236,"l":11429236,"T":1775075815114,"m":false,"M":true},{"a":8185092,"p":"0.00003360","q":"18.35000000","f":11429237,"l":11429237,"T":1775075815114,"m":false,"M":true},{"a":8185093,"p":"0.00003360","q":"0.42000000","f":11429238,"l":11429238,"T":1775075815114,"m":false,"M":true},{"a":8185094,"p":"0.00003360","q":"37.12000000","f":11429239,"l":11429239,"T":1775076257898,"m":false,"M":true},{"a":8185095,"p":"0.00003360","q":"37.12000000","f":11429240,"l":11429240,"T":1775078497612,"m":false,"M":true},{"a":8185096,"p":"0.00003350","q":"37.12000000","f":11429241,"l":11429241,"T":1775081822950,"m":true,"M":true},{"a":8185097,"p":"0.00003350","q":"37.12000000","f":11429242,"l":11429242,"T":1775082337840,"m":true,"M":true},{"a":8185098,"p":"0.00003340","q":"81.93000000","f":11429243,"l":11429246,"T":1775085355087,"m":true,"M":true},{"a":8185099,"p":"0.00003340","q":"4.78000000","f":11429247,"l":11429247,"T":1775085894943,"m":false,"M":true},{"a":8185100,"p":"0.00003340","q":"32.34000000","f":11429248,"l":11429248,"T":1775085924996,"m":false,"M":true},{"a":8185101,"p":"0.00003340","q":"37.12000000","f":11429249,"l":11429249,"T":1775086187006,"m":false,"M":true},{"a":8185102,"p":"0.00003350","q":"10.42000000","f":11429250,"l":11429250,"T":1775089476460,"m":true,"M":true},{"a":8185103,"p":"0.00003350","q":"13.08000000","f":11429251,"l":11429251,"T":1775091392816,"m":false,"M":true},{"a":8185104,"p":"0.00003350","q":"24.04000000","f":11429252,"l":11429252,"T":1775091392816,"m":false,"M":true},{"a":8185105,"p":"0.00003350","q":"37.12000000","f":11429253,"l":11429253,"T":1775091618086,"m":false,"M":true},{"a":8185106,"p":"0.00003360","q":"263.10000000","f":11429254,"l":11429256,"T":1775091904427,"m":false,"M":true},{"a":8185107,"p":"0.00003360","q":"90.33000000","f":11429257,"l":11429257,"T":1775091904427,"m":false,"M":true},{"a":8185108,"p":"0.00003360","q":"115.36000000","f":11429258,"l":11429258,"T":1775091951719,"m":true,"M":true},{"a":8185109,"p":"0.00003360","q":"165.00000000","f":11429259,"l":11429259,"T":1775091951726,"m":true,"M":true},{"a":8185110,"p":"0.00003350","q":"37.12000000","f":11429260,"l":11429260,"T":1775092541851,"m":false,"M":true},{"a":8185111,"p":"0.00003350","q":"37.12000000","f":11429261,"l":11429261,"T":1775092557416,"m":false,"M":true},{"a":8185112,"p":"0.00003350","q":"37.12000000","f":11429262,"l":11429262,"T":1775092710355,"m":true,"M":true},{"a":8185113,"p":"0.00003340","q":"37.12000000","f":11429263,"l":11429263,"T":1775093411102,"m":true,"M":true},{"a":8185114,"p":"0.00003350","q":"37.12000000","f":11429264,"l":11429264,"T":1775094588190,"m":true,"M":true},{"a":8185115,"p":"0.00003350","q":"13.30000000","f":11429265,"l":11429265,"T":1775094720797,"m":false,"M":true},{"a":8185116,"p":"0.00003350","q":"13.30000000","f":11429266,"l":11429266,"T":1775094720797,"m":false,"M":true},{"a":8185117,"p":"0.00003350","q":"10.52000000","f":11429267,"l":11429267,"T":1775094720797,"m":false,"M":true},{"a":8185118,"p":"0.00003350","q":"37.12000000","f":11429268,"l":11429268,"T":1775095625900,"m":false,"M":true},{"a":8185119,"p":"0.00003340","q":"37.12000000","f":11429269,"l":11429269,"T":1775096117136,"m":true,"M":true},{"a":8185120,"p":"0.00003330","q":"46.62000000","f":11429270,"l":11429271,"T":1775096412167,"m":true,"M":true},{"a":8185121,"p":"0.00003320","q":"5.46000000","f":11429272,"l":11429272,"T":1775096542030,"m":true,"M":true},{"a":8185122,"p":"0.00003330","q":"37.12000000","f":11429273,"l":11429273,"T":1775097224730,"m":false,"M":true},{"a":8185123,"p":"0.00003330","q":"36.00000000","f":11429274,"l":11429274,"T":1775098234226,"m":true,"M":true},{"a":8185124,"p":"0.00003330","q":"18.86000000","f":11429275,"l":11429275,"T":1775098474441,"m":true,"M":true},{"a":8185125,"p":"0.00003340","q":"18.34000000","f":11429276,"l":11429276,"T":1775100292175,"m":false,"M":true},{"a":8185126,"p":"0.00003340","q":"18.34000000","f":11429277,"l":11429277,"T":1775100292175,"m":false,"M":true},{"a":8185127,"p":"0.00003340","q":"0.44000000","f":11429278,"l":11429278,"T":1775100292175,"m":false,"M":true},{"a":8185128,"p":"0.00003340","q":"18.34000000","f":11429279,"l":11429279,"T":1775100415749,"m":false,"M":true},{"a":8185129,"p":"0.00003340","q":"18.34000000","f":11429280,"l":11429280,"T":1775100415749,"m":false,"M":true},{"a":8185130,"p":"0.00003340","q":"0.44000000","f":11429281,"l":11429281,"T":1775100415749,"m":false,"M":true},{"a":8185131,"p":"0.00003340","q":"30.00000000","f":11429282,"l":11429282,"T":1775101360560,"m":true,"M":true},{"a":8185132,"p":"0.00003340","q":"18.43000000","f":11429283,"l":11429283,"T":1775101770058,"m":false,"M":true},{"a":8185133,"p":"0.00003340","q":"36.87000000","f":11429284,"l":11429284,"T":1775102466454,"m":true,"M":true},{"a":8185134,"p":"0.00003340","q":"0.25000000","f":11429285,"l":11429285,"T":1775102466454,"m":true,"M":true},{"a":8185135,"p":"0.00003340","q":"37.12000000","f":11429286,"l":11429286,"T":1775105164730,"m":true,"M":true},{"a":8185136,"p":"0.00003340","q":"0.01000000","f":11429287,"l":11429287,"T":1775105304827,"m":false,"M":true},{"a":8185137,"p":"0.00003340","q":"1500.00000000","f":11429288,"l":11429292,"T":1775105734253,"m":true,"M":true},{"a":8185138,"p":"0.00003340","q":"5.81000000","f":11429293,"l":11429293,"T":1775106061516,"m":true,"M":true},{"a":8185139,"p":"0.00003330","q":"467.02000000","f":11429294,"l":11429295,"T":1775107062294,"m":true,"M":true},{"a":8185140,"p":"0.00003320","q":"1032.98000000","f":11429296,"l":11429299,"T":1775107062294,"m":true,"M":true},{"a":8185141,"p":"0.00003330","q":"10.00000000","f":11429300,"l":11429300,"T":1775107122694,"m":true,"M":true},{"a":8185142,"p":"0.00003340","q":"37.12000000","f":11429301,"l":11429301,"T":1775108181578,"m":false,"M":true},{"a":8185143,"p":"0.00003350","q":"37.12000000","f":11429302,"l":11429302,"T":1775108857613,"m":false,"M":true},{"a":8185144,"p":"0.00003350","q":"20.12000000","f":11429303,"l":11429303,"T":1775110027932,"m":false,"M":true},{"a":8185145,"p":"0.00003350","q":"459.55000000","f":11429304,"l":11429305,"T":1775113117873,"m":false,"M":true},{"a":8185146,"p":"0.00003360","q":"1040.45000000","f":11429306,"l":11429311,"T":1775113117873,"m":false,"M":true},{"a":8185147,"p":"0.00003350","q":"37.12000000","f":11429312,"l":11429312,"T":1775113129937,"m":false,"M":true},{"a":8185148,"p":"0.00003360","q":"1126.53000000","f":11429313,"l":11429317,"T":1775113129937,"m":false,"M":true},{"a":8185149,"p":"0.00003370","q":"310.28000000","f":11429318,"l":11429318,"T":1775113129937,"m":false,"M":true},{"a":8185150,"p":"0.00003350","q":"18.33000000","f":11429319,"l":11429319,"T":1775113585348,"m":false,"M":true},{"a":8185151,"p":"0.00003350","q":"18.33000000","f":11429320,"l":11429320,"T":1775113585348,"m":false,"M":true},{"a":8185152,"p":"0.00003350","q":"0.46000000","f":11429321,"l":11429321,"T":1775113585348,"m":false,"M":true},{"a":8185153,"p":"0.00003360","q":"37.12000000","f":11429322,"l":11429322,"T":1775114037806,"m":false,"M":true},{"a":8185154,"p":"0.00003350","q":"18.29000000","f":11429323,"l":11429323,"T":1775116284752,"m":false,"M":true},{"a":8185155,"p":"0.00003350","q":"18.29000000","f":11429324,"l":11429324,"T":1775116284752,"m":false,"M":true},{"a":8185156,"p":"0.00003350","q":"37.12000000","f":11429325,"l":11429325,"T":1775120393825,"m":false,"M":true},{"a":8185157,"p":"0.00003350","q":"37.12000000","f":11429326,"l":11429326,"T":1775120393901,"m":true,"M":true},{"a":8185158,"p":"0.00003350","q":"133.92000000","f":11429327,"l":11429329,"T":1775120862762,"m":false,"M":true},{"a":8185159,"p":"0.00003330","q":"14.51000000","f":11429330,"l":11429330,"T":1775122521534,"m":true,"M":true},{"a":8185160,"p":"0.00003340","q":"35.58000000","f":11429331,"l":11429331,"T":1775122756637,"m":false,"M":true},{"a":8185161,"p":"0.00003340","q":"1174.16000000","f":11429332,"l":11429334,"T":1775123816178,"m":false,"M":true},{"a":8185162,"p":"0.00003350","q":"37.12000000","f":11429335,"l":11429335,"T":1775123816178,"m":false,"M":true},{"a":8185163,"p":"0.00003360","q":"117.94000000","f":11429336,"l":11429337,"T":1775123816178,"m":false,"M":true},{"a":8185164,"p":"0.00003360","q":"37.12000000","f":11429338,"l":11429338,"T":1775123819173,"m":false,"M":true},{"a":8185165,"p":"0.00003370","q":"118.26000000","f":11429339,"l":11429341,"T":1775123819173,"m":false,"M":true},{"a":8185166,"p":"0.00003350","q":"153.58000000","f":11429342,"l":11429342,"T":1775123819176,"m":false,"M":true},{"a":8185167,"p":"0.00003350","q":"145.83000000","f":11429343,"l":11429343,"T":1775123819177,"m":false,"M":true},{"a":8185168,"p":"0.00003350","q":"114.85000000","f":11429344,"l":11429344,"T":1775123819177,"m":false,"M":true},{"a":8185169,"p":"0.00003350","q":"36.85000000","f":11429345,"l":11429345,"T":1775123828202,"m":true,"M":true},{"a":8185170,"p":"0.00003350","q":"0.27000000","f":11429346,"l":11429346,"T":1775123828202,"m":true,"M":true},{"a":8185171,"p":"0.00003340","q":"18.56000000","f":11429347,"l":11429347,"T":1775130622035,"m":false,"M":true},{"a":8185172,"p":"0.00003340","q":"9.01000000","f":11429348,"l":11429348,"T":1775130705329,"m":false,"M":true},{"a":8185173,"p":"0.00003340","q":"9.01000000","f":11429349,"l":11429349,"T":1775130705329,"m":false,"M":true},{"a":8185174,"p":"0.00003340","q":"0.54000000","f":11429350,"l":11429350,"T":1775130705330,"m":false,"M":true},{"a":8185175,"p":"0.00003350","q":"35.20000000","f":11429351,"l":11429351,"T":1775132444486,"m":false,"M":true},{"a":8185176,"p":"0.00003350","q":"1.92000000","f":11429352,"l":11429352,"T":1775132444487,"m":false,"M":true},{"a":8185177,"p":"0.00003340","q":"36.90000000","f":11429353,"l":11429353,"T":1775137202180,"m":true,"M":true},{"a":8185178,"p":"0.00003340","q":"0.22000000","f":11429354,"l":11429354,"T":1775137202180,"m":true,"M":true},{"a":8185179,"p":"0.00003340","q":"18.18000000","f":11429355,"l":11429355,"T":1775137228324,"m":false,"M":true},{"a":8185180,"p":"0.00003340","q":"34.07000000","f":11429356,"l":11429356,"T":1775137615115,"m":true,"M":true},{"a":8185181,"p":"0.00003340","q":"3.05000000","f":11429357,"l":11429357,"T":1775137615115,"m":true,"M":true},{"a":8185182,"p":"0.00003330","q":"20.59000000","f":11429358,"l":11429358,"T":1775137853046,"m":true,"M":true},{"a":8185183,"p":"0.00003340","q":"37.12000000","f":11429359,"l":11429359,"T":1775139664307,"m":false,"M":true},{"a":8185184,"p":"0.00003350","q":"25.21000000","f":11429360,"l":11429360,"T":1775140108174,"m":false,"M":true},{"a":8185185,"p":"0.00003350","q":"5.85000000","f":11429361,"l":11429361,"T":1775140114142,"m":false,"M":true},{"a":8185186,"p":"0.00003350","q":"5.85000000","f":11429362,"l":11429362,"T":1775140114142,"m":false,"M":true},{"a":8185187,"p":"0.00003350","q":"0.21000000","f":11429363,"l":11429363,"T":1775140114142,"m":false,"M":true},{"a":8185188,"p":"0.00003350","q":"37.12000000","f":11429364,"l":11429364,"T":1775140635965,"m":false,"M":true},{"a":8185189,"p":"0.00003350","q":"37.12000000","f":11429365,"l":11429365,"T":1775140794193,"m":false,"M":true},{"a":8185190,"p":"0.00003350","q":"37.12000000","f":11429366,"l":11429366,"T":1775141744798,"m":false,"M":true},{"a":8185191,"p":"0.00003350","q":"37.12000000","f":11429367,"l":11429367,"T":1775141835360,"m":false,"M":true},{"a":8185192,"p":"0.00003340","q":"37.12000000","f":11429368,"l":11429368,"T":1775142797518,"m":true,"M":true},{"a":8185193,"p":"0.00003340","q":"37.12000000","f":11429369,"l":11429369,"T":1775143983050,"m":false,"M":true},{"a":8185194,"p":"0.00003350","q":"37.12000000","f":11429370,"l":11429370,"T":1775144918849,"m":false,"M":true},{"a":8185195,"p":"0.00003340","q":"37.12000000","f":11429371,"l":11429371,"T":1775145634069,"m":true,"M":true},{"a":8185196,"p":"0.00003330","q":"20.43000000","f":11429372,"l":11429372,"T":1775146625848,"m":true,"M":true},{"a":8185197,"p":"0.00003330","q":"4.33000000","f":11429373,"l":11429373,"T":1775146826131,"m":false,"M":true},{"a":8185198,"p":"0.00003330","q":"32.79000000","f":11429374,"l":11429374,"T":1775146851790,"m":false,"M":true},{"a":8185199,"p":"0.00003330","q":"6.00000000","f":11429375,"l":11429375,"T":1775147243103,"m":true,"M":true},{"a":8185200,"p":"0.00003340","q":"37.12000000","f":11429376,"l":11429376,"T":1775148010525,"m":false,"M":true},{"a":8185201,"p":"0.00003340","q":"29.94000000","f":11429377,"l":11429377,"T":1775148242252,"m":false,"M":true},{"a":8185202,"p":"0.00003340","q":"51.20000000","f":11429378,"l":11429379,"T":1775148364296,"m":false,"M":true},{"a":8185203,"p":"0.00003340","q":"102.99000000","f":11429380,"l":11429380,"T":1775148364296,"m":false,"M":true},{"a":8185204,"p":"0.00003340","q":"37.12000000","f":11429381,"l":11429381,"T":1775148364298,"m":false,"M":true},{"a":8185205,"p":"0.00003340","q":"65.87000000","f":11429382,"l":11429382,"T":1775148364353,"m":true,"M":true},{"a":8185206,"p":"0.00003330","q":"4.85000000","f":11429383,"l":11429383,"T":1775148709176,"m":true,"M":true},{"a":8185207,"p":"0.00003340","q":"37.12000000","f":11429384,"l":11429384,"T":1775153241917,"m":false,"M":true},{"a":8185208,"p":"0.00003340","q":"32.73000000","f":11429385,"l":11429385,"T":1775154313621,"m":true,"M":true},{"a":8185209,"p":"0.00003340","q":"18.40000000","f":11429386,"l":11429387,"T":1775154670276,"m":true,"M":true},{"a":8185210,"p":"0.00003340","q":"111.85000000","f":11429388,"l":11429388,"T":1775155539560,"m":true,"M":true},{"a":8185211,"p":"0.00003340","q":"5.45000000","f":11429389,"l":11429389,"T":1775156682998,"m":true,"M":true},{"a":8185212,"p":"0.00003340","q":"31.27000000","f":11429390,"l":11429390,"T":1775157056442,"m":true,"M":true},{"a":8185213,"p":"0.00003340","q":"0.40000000","f":11429391,"l":11429391,"T":1775157056444,"m":true,"M":true},{"a":8185214,"p":"0.00003330","q":"4.30000000","f":11429392,"l":11429392,"T":1775157142630,"m":true,"M":true},{"a":8185215,"p":"0.00003340","q":"6.26000000","f":11429393,"l":11429393,"T":1775160040136,"m":false,"M":true},{"a":8185216,"p":"0.00003340","q":"6.26000000","f":11429394,"l":11429394,"T":1775160040136,"m":false,"M":true},{"a":8185217,"p":"0.00003340","q":"6.26000000","f":11429395,"l":11429395,"T":1775160040137,"m":false,"M":true},{"a":8185218,"p":"0.00003340","q":"6.26000000","f":11429396,"l":11429396,"T":1775160040137,"m":false,"M":true},{"a":8185219,"p":"0.00003340","q":"12.08000000","f":11429397,"l":11429397,"T":1775160040138,"m":false,"M":true},{"a":8185220,"p":"0.00003350","q":"11.58000000","f":11429398,"l":11429398,"T":1775161318483,"m":false,"M":true},{"a":8185221,"p":"0.00003350","q":"11.58000000","f":11429399,"l":11429399,"T":1775161318483,"m":false,"M":true},{"a":8185222,"p":"0.00003350","q":"11.58000000","f":11429400,"l":11429400,"T":1775161318483,"m":false,"M":true},{"a":8185223,"p":"0.00003350","q":"2.38000000","f":11429401,"l":11429401,"T":1775161318483,"m":false,"M":true},{"a":8185224,"p":"0.00003340","q":"1516.30000000","f":11429402,"l":11429407,"T":1775162837381,"m":true,"M":true},{"a":8185225,"p":"0.00003340","q":"103.12000000","f":11429408,"l":11429408,"T":1775162837382,"m":false,"M":true},{"a":8185226,"p":"0.00003340","q":"103.12000000","f":11429409,"l":11429409,"T":1775162837382,"m":false,"M":true},{"a":8185227,"p":"0.00003340","q":"753.94000000","f":11429410,"l":11429410,"T":1775162837383,"m":false,"M":true},{"a":8185228,"p":"0.00003340","q":"37.11000000","f":11429411,"l":11429411,"T":1775163077877,"m":true,"M":true},{"a":8185229,"p":"0.00003340","q":"0.01000000","f":11429412,"l":11429412,"T":1775163077877,"m":true,"M":true},{"a":8185230,"p":"0.00003340","q":"18.32000000","f":11429413,"l":11429413,"T":1775169357670,"m":false,"M":true},{"a":8185231,"p":"0.00003340","q":"18.32000000","f":11429414,"l":11429414,"T":1775169357670,"m":false,"M":true},{"a":8185232,"p":"0.00003340","q":"0.48000000","f":11429415,"l":11429415,"T":1775169357670,"m":false,"M":true},{"a":8185233,"p":"0.00003350","q":"17.37000000","f":11429416,"l":11429416,"T":1775172118743,"m":false,"M":true},{"a":8185234,"p":"0.00003350","q":"17.37000000","f":11429417,"l":11429417,"T":1775172118743,"m":false,"M":true},{"a":8185235,"p":"0.00003350","q":"2.38000000","f":11429418,"l":11429418,"T":1775172118743,"m":false,"M":true},{"a":8185236,"p":"0.00003350","q":"104.08000000","f":11429419,"l":11429419,"T":1775172360334,"m":false,"M":true},{"a":8185237,"p":"0.00003360","q":"30.16000000","f":11429420,"l":11429420,"T":1775175684869,"m":true,"M":true},{"a":8185238,"p":"0.00003360","q":"14.47000000","f":11429421,"l":11429421,"T":1775176110676,"m":false,"M":true},{"a":8185239,"p":"0.00003370","q":"4.15000000","f":11429422,"l":11429422,"T":1775176492182,"m":false,"M":true},{"a":8185240,"p":"0.00003370","q":"20.43000000","f":11429423,"l":11429423,"T":1775177403081,"m":false,"M":true},{"a":8185241,"p":"0.00003380","q":"15.59000000","f":11429424,"l":11429424,"T":1775177670905,"m":true,"M":true},{"a":8185242,"p":"0.00003380","q":"5.91000000","f":11429425,"l":11429425,"T":1775178393668,"m":false,"M":true},{"a":8185243,"p":"0.00003370","q":"37.12000000","f":11429426,"l":11429426,"T":1775178425614,"m":true,"M":true},{"a":8185244,"p":"0.00003370","q":"28.52000000","f":11429427,"l":11429427,"T":1775178916345,"m":false,"M":true},{"a":8185245,"p":"0.00003370","q":"37.12000000","f":11429428,"l":11429428,"T":1775180318687,"m":true,"M":true},{"a":8185246,"p":"0.00003370","q":"0.02000000","f":11429429,"l":11429429,"T":1775180388467,"m":false,"M":true},{"a":8185247,"p":"0.00003370","q":"37.12000000","f":11429430,"l":11429430,"T":1775180418148,"m":true,"M":true},{"a":8185248,"p":"0.00003370","q":"160.46000000","f":11429431,"l":11429432,"T":1775181134545,"m":false,"M":true},{"a":8185249,"p":"0.00003360","q":"43.69000000","f":11429433,"l":11429434,"T":1775181191021,"m":true,"M":true},{"a":8185250,"p":"0.00003380","q":"31.21000000","f":11429435,"l":11429435,"T":1775182810300,"m":false,"M":true},{"a":8185251,"p":"0.00003380","q":"37.12000000","f":11429436,"l":11429436,"T":1775184191751,"m":false,"M":true},{"a":8185252,"p":"0.00003380","q":"37.12000000","f":11429437,"l":11429437,"T":1775184192551,"m":false,"M":true},{"a":8185253,"p":"0.00003380","q":"37.12000000","f":11429438,"l":11429438,"T":1775184193668,"m":false,"M":true},{"a":8185254,"p":"0.00003380","q":"18.27000000","f":11429439,"l":11429439,"T":1775184316440,"m":false,"M":true},{"a":8185255,"p":"0.00003380","q":"18.27000000","f":11429440,"l":11429440,"T":1775184316440,"m":false,"M":true},{"a":8185256,"p":"0.00003380","q":"0.58000000","f":11429441,"l":11429441,"T":1775184316440,"m":false,"M":true},{"a":8185257,"p":"0.00003390","q":"41.51000000","f":11429442,"l":11429444,"T":1775184720750,"m":false,"M":true},{"a":8185258,"p":"0.00003390","q":"4.39000000","f":11429445,"l":11429445,"T":1775184720759,"m":false,"M":true},{"a":8185259,"p":"0.00003390","q":"98.34000000","f":11429446,"l":11429446,"T":1775186042404,"m":true,"M":true},{"a":8185260,"p":"0.00003400","q":"75.02000000","f":11429447,"l":11429449,"T":1775186843556,"m":false,"M":true},{"a":8185261,"p":"0.00003400","q":"47.36000000","f":11429450,"l":11429450,"T":1775186844106,"m":true,"M":true},{"a":8185262,"p":"0.00003400","q":"16.45000000","f":11429451,"l":11429451,"T":1775186860593,"m":true,"M":true},{"a":8185263,"p":"0.00003400","q":"37.12000000","f":11429452,"l":11429452,"T":1775187558218,"m":false,"M":true},{"a":8185264,"p":"0.00003400","q":"37.12000000","f":11429453,"l":11429453,"T":1775187558316,"m":false,"M":true},{"a":8185265,"p":"0.00003410","q":"28.59000000","f":11429454,"l":11429455,"T":1775188323680,"m":false,"M":true},{"a":8185266,"p":"0.00003410","q":"28.59000000","f":11429456,"l":11429456,"T":1775188323680,"m":false,"M":true},{"a":8185267,"p":"0.00003410","q":"0.37000000","f":11429457,"l":11429457,"T":1775188323680,"m":false,"M":true},{"a":8185268,"p":"0.00003410","q":"49.28000000","f":11429458,"l":11429459,"T":1775188323821,"m":true,"M":true},{"a":8185269,"p":"0.00003410","q":"12.72000000","f":11429460,"l":11429460,"T":1775188596703,"m":true,"M":true},{"a":8185270,"p":"0.00003420","q":"25.85000000","f":11429461,"l":11429462,"T":1775189267858,"m":false,"M":true},{"a":8185271,"p":"0.00003420","q":"18.30000000","f":11429463,"l":11429463,"T":1775189267858,"m":false,"M":true},{"a":8185272,"p":"0.00003420","q":"59.88000000","f":11429464,"l":11429465,"T":1775189268067,"m":true,"M":true},{"a":8185273,"p":"0.00003430","q":"33.06000000","f":11429466,"l":11429466,"T":1775189645938,"m":false,"M":true},{"a":8185274,"p":"0.00003430","q":"56.59000000","f":11429467,"l":11429468,"T":1775189646030,"m":true,"M":true},{"a":8185275,"p":"0.00003430","q":"16.24000000","f":11429469,"l":11429469,"T":1775189680534,"m":true,"M":true},{"a":8185276,"p":"0.00003440","q":"53.98000000","f":11429470,"l":11429472,"T":1775189683788,"m":false,"M":true},{"a":8185277,"p":"0.00003440","q":"411.07000000","f":11429473,"l":11429473,"T":1775189683798,"m":true,"M":true},{"a":8185278,"p":"0.00003440","q":"448.98000000","f":11429474,"l":11429474,"T":1775189683825,"m":true,"M":true},{"a":8185279,"p":"0.00003440","q":"55.42000000","f":11429475,"l":11429475,"T":1775189684165,"m":true,"M":true},{"a":8185280,"p":"0.00003430","q":"53.74000000","f":11429476,"l":11429476,"T":1775189689244,"m":true,"M":true},{"a":8185281,"p":"0.00003430","q":"37.12000000","f":11429477,"l":11429477,"T":1775190306758,"m":true,"M":true},{"a":8185282,"p":"0.00003440","q":"77.82000000","f":11429478,"l":11429478,"T":1775190955565,"m":false,"M":true},{"a":8185283,"p":"0.00003440","q":"335.79000000","f":11429479,"l":11429479,"T":1775190955565,"m":false,"M":true},{"a":8185284,"p":"0.00003450","q":"57.55000000","f":11429480,"l":11429481,"T":1775190955570,"m":false,"M":true},{"a":8185285,"p":"0.00003450","q":"34.79000000","f":11429482,"l":11429482,"T":1775190955637,"m":false,"M":true},{"a":8185286,"p":"0.00003450","q":"2.33000000","f":11429483,"l":11429483,"T":1775190955637,"m":false,"M":true},{"a":8185287,"p":"0.00003450","q":"60.12000000","f":11429484,"l":11429484,"T":1775190956994,"m":true,"M":true},{"a":8185288,"p":"0.00003450","q":"111.41000000","f":11429485,"l":11429485,"T":1775190983527,"m":true,"M":true},{"a":8185289,"p":"0.00003450","q":"435.56000000","f":11429486,"l":11429486,"T":1775191027518,"m":true,"M":true},{"a":8185290,"p":"0.00003450","q":"5.17000000","f":11429487,"l":11429487,"T":1775191382240,"m":false,"M":true},{"a":8185291,"p":"0.00003460","q":"58.77000000","f":11429488,"l":11429492,"T":1775191808151,"m":false,"M":true},{"a":8185292,"p":"0.00003460","q":"54.87000000","f":11429493,"l":11429494,"T":1775191808431,"m":true,"M":true},{"a":8185293,"p":"0.00003460","q":"14.65000000","f":11429495,"l":11429495,"T":1775191877227,"m":true,"M":true},{"a":8185294,"p":"0.00003460","q":"5.17000000","f":11429496,"l":11429496,"T":1775191919112,"m":true,"M":true},{"a":8185295,"p":"0.00003460","q":"17.45000000","f":11429497,"l":11429497,"T":1775192445890,"m":true,"M":true},{"a":8185296,"p":"0.00003460","q":"432.25000000","f":11429498,"l":11429498,"T":1775192530801,"m":true,"M":true},{"a":8185297,"p":"0.00003450","q":"53.17000000","f":11429499,"l":11429500,"T":1775192631281,"m":true,"M":true},{"a":8185298,"p":"0.00003460","q":"25.55000000","f":11429501,"l":11429501,"T":1775192808248,"m":false,"M":true},{"a":8185299,"p":"0.00003460","q":"43.32000000","f":11429502,"l":11429502,"T":1775192808248,"m":false,"M":true},{"a":8185300,"p":"0.00003460","q":"25.55000000","f":11429503,"l":11429503,"T":1775192808248,"m":false,"M":true},{"a":8185301,"p":"0.00003460","q":"86.81000000","f":11429504,"l":11429504,"T":1775192808248,"m":false,"M":true},{"a":8185302,"p":"0.00003460","q":"20.65000000","f":11429505,"l":11429505,"T":1775192808248,"m":false,"M":true},{"a":8185303,"p":"0.00003460","q":"251.71000000","f":11429506,"l":11429507,"T":1775193724853,"m":false,"M":true},{"a":8185304,"p":"0.00003450","q":"25.00000000","f":11429508,"l":11429508,"T":1775193823071,"m":true,"M":true},{"a":8185305,"p":"0.00003450","q":"58.17000000","f":11429509,"l":11429510,"T":1775193850359,"m":true,"M":true},{"a":8185306,"p":"0.00003450","q":"291.54000000","f":11429511,"l":11429512,"T":1775193958471,"m":true,"M":true},{"a":8185307,"p":"0.00003460","q":"4.32000000","f":11429513,"l":11429513,"T":1775194248728,"m":false,"M":true},{"a":8185308,"p":"0.00003450","q":"18.25000000","f":11429514,"l":11429514,"T":1775194285134,"m":true,"M":true},{"a":8185309,"p":"0.00003450","q":"18.87000000","f":11429515,"l":11429515,"T":1775194285252,"m":true,"M":true},{"a":8185310,"p":"0.00003450","q":"37.12000000","f":11429516,"l":11429516,"T":1775194285363,"m":true,"M":true},{"a":8185311,"p":"0.00003450","q":"0.01000000","f":11429517,"l":11429517,"T":1775194337127,"m":false,"M":true},{"a":8185312,"p":"0.00003460","q":"4.32000000","f":11429518,"l":11429518,"T":1775194337960,"m":false,"M":true},{"a":8185313,"p":"0.00003440","q":"35.57000000","f":11429519,"l":11429519,"T":1775194693918,"m":true,"M":true},{"a":8185314,"p":"0.00003440","q":"74.99000000","f":11429520,"l":11429521,"T":1775194693920,"m":true,"M":true},{"a":8185315,"p":"0.00003450","q":"31.04000000","f":11429522,"l":11429522,"T":1775197048588,"m":true,"M":true},{"a":8185316,"p":"0.00003450","q":"20.95000000","f":11429523,"l":11429523,"T":1775197402675,"m":true,"M":true},{"a":8185317,"p":"0.00003460","q":"33.03000000","f":11429524,"l":11429524,"T":1775198003496,"m":true,"M":true},{"a":8185318,"p":"0.00003470","q":"32.69000000","f":11429525,"l":11429525,"T":1775198619091,"m":false,"M":true},{"a":8185319,"p":"0.00003470","q":"75.94000000","f":11429526,"l":11429526,"T":1775198619474,"m":true,"M":true},{"a":8185320,"p":"0.00003460","q":"37.14000000","f":11429527,"l":11429527,"T":1775199293903,"m":false,"M":true},{"a":8185321,"p":"0.00003460","q":"37.12000000","f":11429528,"l":11429528,"T":1775200531616,"m":true,"M":true},{"a":8185322,"p":"0.00003440","q":"36.94000000","f":11429529,"l":11429529,"T":1775201357468,"m":true,"M":true},{"a":8185323,"p":"0.00003440","q":"0.18000000","f":11429530,"l":11429530,"T":1775201357468,"m":true,"M":true},{"a":8185324,"p":"0.00003430","q":"33.97000000","f":11429531,"l":11429531,"T":1775201889030,"m":true,"M":true},{"a":8185325,"p":"0.00003430","q":"32.72000000","f":11429532,"l":11429532,"T":1775201889031,"m":true,"M":true},{"a":8185326,"p":"0.00003420","q":"37.12000000","f":11429533,"l":11429533,"T":1775202553848,"m":true,"M":true},{"a":8185327,"p":"0.00003420","q":"37.12000000","f":11429534,"l":11429534,"T":1775204190734,"m":true,"M":true},{"a":8185328,"p":"0.00003410","q":"20.31000000","f":11429535,"l":11429535,"T":1775204261653,"m":true,"M":true},{"a":8185329,"p":"0.00003430","q":"117.83000000","f":11429536,"l":11429536,"T":1775205260354,"m":false,"M":true},{"a":8185330,"p":"0.00003430","q":"320.59000000","f":11429537,"l":11429537,"T":1775205260354,"m":false,"M":true},{"a":8185331,"p":"0.00003430","q":"18.57000000","f":11429538,"l":11429538,"T":1775205935496,"m":true,"M":true},{"a":8185332,"p":"0.00003430","q":"18.55000000","f":11429539,"l":11429539,"T":1775205935497,"m":true,"M":true},{"a":8185333,"p":"0.00003430","q":"37.12000000","f":11429540,"l":11429540,"T":1775206100090,"m":true,"M":true},{"a":8185334,"p":"0.00003430","q":"44.86000000","f":11429541,"l":11429541,"T":1775206131895,"m":false,"M":true},{"a":8185335,"p":"0.00003430","q":"67.29000000","f":11429542,"l":11429542,"T":1775206131895,"m":false,"M":true},{"a":8185336,"p":"0.00003430","q":"22.17000000","f":11429543,"l":11429543,"T":1775206131895,"m":false,"M":true},{"a":8185337,"p":"0.00003430","q":"22.17000000","f":11429544,"l":11429544,"T":1775206131895,"m":false,"M":true},{"a":8185338,"p":"0.00003430","q":"22.17000000","f":11429545,"l":11429545,"T":1775206131895,"m":false,"M":true},{"a":8185339,"p":"0.00003430","q":"22.17000000","f":11429546,"l":11429546,"T":1775206131896,"m":false,"M":true},{"a":8185340,"p":"0.00003430","q":"13.50000000","f":11429547,"l":11429547,"T":1775206131897,"m":false,"M":true},{"a":8185341,"p":"0.00003440","q":"37.12000000","f":11429548,"l":11429548,"T":1775206767938,"m":true,"M":true},{"a":8185342,"p":"0.00003440","q":"412.58000000","f":11429549,"l":11429549,"T":1775206793495,"m":true,"M":true},{"a":8185343,"p":"0.00003440","q":"25.04000000","f":11429550,"l":11429550,"T":1775207680673,"m":false,"M":true},{"a":8185344,"p":"0.00003440","q":"568.01000000","f":11429551,"l":11429552,"T":1775212660013,"m":true,"M":true},{"a":8185345,"p":"0.00003440","q":"135.12000000","f":11429553,"l":11429553,"T":1775212660013,"m":true,"M":true},{"a":8185346,"p":"0.00003440","q":"80.30000000","f":11429554,"l":11429554,"T":1775212660013,"m":true,"M":true},{"a":8185347,"p":"0.00003440","q":"82.10000000","f":11429555,"l":11429556,"T":1775214938241,"m":true,"M":true},{"a":8185348,"p":"0.00003440","q":"37.12000000","f":11429557,"l":11429557,"T":1775215369342,"m":true,"M":true},{"a":8185349,"p":"0.00003430","q":"5.00000000","f":11429558,"l":11429558,"T":1775215369345,"m":true,"M":true},{"a":8185350,"p":"0.00003440","q":"37.12000000","f":11429559,"l":11429559,"T":1775215569500,"m":true,"M":true},{"a":8185351,"p":"0.00003440","q":"476.40000000","f":11429560,"l":11429561,"T":1775215742041,"m":false,"M":true},{"a":8185352,"p":"0.00003450","q":"1023.60000000","f":11429562,"l":11429566,"T":1775215742041,"m":false,"M":true},{"a":8185353,"p":"0.00003440","q":"13.12000000","f":11429567,"l":11429567,"T":1775215742045,"m":true,"M":true},{"a":8185354,"p":"0.00003450","q":"1085.85000000","f":11429568,"l":11429572,"T":1775215747625,"m":false,"M":true},{"a":8185355,"p":"0.00003460","q":"310.43000000","f":11429573,"l":11429574,"T":1775215747625,"m":false,"M":true},{"a":8185356,"p":"0.00003440","q":"6.36000000","f":11429575,"l":11429575,"T":1775216480969,"m":true,"M":true},{"a":8185357,"p":"0.00003440","q":"30.76000000","f":11429576,"l":11429576,"T":1775216743855,"m":true,"M":true},{"a":8185358,"p":"0.00003440","q":"0.01000000","f":11429577,"l":11429577,"T":1775216814365,"m":false,"M":true},{"a":8185359,"p":"0.00003440","q":"10.57000000","f":11429578,"l":11429578,"T":1775216855846,"m":true,"M":true},{"a":8185360,"p":"0.00003450","q":"14.52000000","f":11429579,"l":11429579,"T":1775217488139,"m":false,"M":true},{"a":8185361,"p":"0.00003440","q":"26.55000000","f":11429580,"l":11429580,"T":1775217746275,"m":true,"M":true},{"a":8185362,"p":"0.00003440","q":"107.47000000","f":11429581,"l":11429581,"T":1775219401246,"m":false,"M":true},{"a":8185363,"p":"0.00003440","q":"380.42000000","f":11429582,"l":11429582,"T":1775219401281,"m":false,"M":true},{"a":8185364,"p":"0.00003440","q":"119.58000000","f":11429583,"l":11429583,"T":1775219401320,"m":false,"M":true},{"a":8185365,"p":"0.00003450","q":"22.60000000","f":11429584,"l":11429584,"T":1775219402415,"m":false,"M":true},{"a":8185366,"p":"0.00003450","q":"37.12000000","f":11429585,"l":11429585,"T":1775219404952,"m":false,"M":true},{"a":8185367,"p":"0.00003460","q":"16.81000000","f":11429586,"l":11429586,"T":1775219404952,"m":false,"M":true},{"a":8185368,"p":"0.00003450","q":"25.91000000","f":11429587,"l":11429587,"T":1775219405008,"m":false,"M":true},{"a":8185369,"p":"0.00003450","q":"10.51000000","f":11429588,"l":11429588,"T":1775219405050,"m":false,"M":true},{"a":8185370,"p":"0.00003450","q":"0.70000000","f":11429589,"l":11429589,"T":1775219405377,"m":false,"M":true},{"a":8185371,"p":"0.00003460","q":"100.62000000","f":11429590,"l":11429590,"T":1775219405377,"m":false,"M":true},{"a":8185372,"p":"0.00003460","q":"80.27000000","f":11429591,"l":11429592,"T":1775219405956,"m":false,"M":true},{"a":8185373,"p":"0.00003440","q":"37.12000000","f":11429593,"l":11429593,"T":1775220239786,"m":true,"M":true},{"a":8185374,"p":"0.00003440","q":"37.12000000","f":11429594,"l":11429594,"T":1775220308788,"m":true,"M":true},{"a":8185375,"p":"0.00003440","q":"5.04000000","f":11429595,"l":11429595,"T":1775220381931,"m":true,"M":true},{"a":8185376,"p":"0.00003440","q":"37.12000000","f":11429596,"l":11429596,"T":1775220823003,"m":true,"M":true}